2917 4734
212 279 302 352 taut
566 295 601 344 o.
623 293 805 344 coenatu
828 289 955 340 rsorrr
1153 288 1315 358 [emata

212 452 297 527 rant,
319 447 378 531 qni
406 446 600 509 coement·
641 437 710 503 Sed
739 435 917 514 Consules,
934 435 1128 500 relationem
1152 431 1314 558 incipere⁸

214 621 266 667 tur.
294 613 346 662 Nee
355 609 507 674 destruenti
516 608 655 658 mattae
662 606 807 670 premerent.
826 603 861 652 Ae
871 601 974 650 cenula
983 611 1030 650 nea
1039 597 1092 648 aeri
1107 603 1167 648 suut
1178 595 1317 648 relationem

677 733 854 756 enunuen

619 822 636 868 2
653 818 705 868 bls.
717 816 784 880 Reg.
796 813 910 877 recipere.

708 975 820 1031 NOTAE

246 1113 305 1177 des]
337 1107 461 1166 liutmun
479 1127 566 1164 nereos
582 1113 747 1163 manumitte·
786 1107 954 1171 soles,etiam
972 1110 1002 1156 at
1020 1103 1322 1167 samretprineepseer·

216 1199 275 1240 rent
291 1205 322 1240 ue
340 1191 464 1240 libertate
479 1191 617 1250 donarent,
631 1195 747 1239 ettamen
786 1187 826 1235 vis
837 1184 987 1248 libertisque
999 1181 1121 1231 adversus
1132 1180 1258 1228 dominos.
1285 1179 1322 1228 Et

141 1302 146 1312 .
214 1267 242 1316 iu
260 1267 326 1317 tales
344 1266 451 1316 libertos
466 1265 510 1330 jue
530 1271 683 1330 patronatus
699 1263 748 1312 sibi
787 1261 883 1326 alioqui
894 1273 944 1308 non
953 1259 1016 1308 levis
1026 1254 1148 1306 momenti
1156 1253 1206 1302 luit
1216 1255 1243 1302 in
1256 1253 1324 1318 pub·

216 1341 393 1405 reservabant,
408 1358 458 1406 quo
468 1343 525 1392 illos
537 1342 563 1390 in
574 1339 697 1404 obsequio
708 1353 748 1388 re·
788 1339 865 1388 lienm
876 1351 906 1386 eu
918 1333 1081 1394 deliberatio,
1103 1345 1136 1382 an
1155 1330 1264 1380 libertas
1282 1343 1323 1380 se-

217 1417 341 1468 tinereut.
788 1417 839 1464 mel
854 1414 914 1463 data
930 1409 1046 1460 revocari
1061 1415 1152 1472 posset
1162 1422 1178 1455 s
1189 1413 1322 1470 patrono;

248 1493 293 1542 Sic
313 1493 373 1552 lege
401 1491 494 1556 Papia,
512 1506 570 1556 qnae
589 1489 749 1554 temporibus
789 1505 837 1540 nec
846 1487 871 1538 id
890 1489 931 1538 vel
943 1485 1052 1552 proponi
1065 1483 1215 1548 potuitsiue
1227 1484 1325 1530 tumul·

216 1565 331 1630 Augusti
346 1568 399 1616 lata
410 1565 749 1628 meermannianam·
790 1572 818 1614 tu
831 1565 917 1628 aliquo
929 1561 962 1611 ob
978 1559 1171 1609 multitudinem
1188 1570 1324 1606 serrorum

216 1644 273 1707 ejus
282 1643 378 1704 liberti,
388 1643 433 1707 qni
445 1643 480 1692 Η.
491 1641 517 1692 S.
529 1649 632 1690 centum
643 1638 750 1688 millium
788 1639 1001 1702 libertorumque,
1012 1634 1082 1684 torte
1094 1640 1121 1682 et
1131 1631 1325 1682 conniventiam

215 1717 399 1782 patrimonium
416 1717 568 1780 reliquerat,
585 1715 658 1780 (sunt
674 1718 749 1763 2⁵⁰⁰.
790 1717 902 1779 ipsorum
923 1719 1111 1778 patronorum
1130 1713 1175 1756 aut
1194 1707 1276 1756 etism
1291 1705 1326 1755 ob

216 1793 343 1856 coronati,
365 1805 411 1843 reo
425 1795 501 1841 lton.
512 1788 611 1854 librani
625 1796 653 1840 et
664 1790 751 1854 pauci·
789 1789 906 1840 levorem
929 1786 1127 1848 dominantium,
1152 1797 1196 1834 sea
1218 1782 1326 1832 liberto·

215 1883 275 1918 ores
285 1883 362 1934 qnam
381 1875 434 1917 tres
451 1867 550 1917 liberos
564 1865 687 1926 babebat,
695 1865 750 1913 sive
791 1867 1010 1918 rumanlicorunr.
1312 1883 1315 1890 ·

214 1945 238 1994 is
260 1949 417 1994 testamento
437 1941 519 2004 facto,
538 1942 593 1992 rire
610 1942 750 1990 intestatus
819 1943 915 2007 Itaque
936 1941 1053 1992 consules
1070 1952 1125 1989 rem
1141 1936 1325 2002 referrespud

216 2029 333 2070 mortuns
353 2027 421 2084 erat,
442 2019 526 2068 virilis
551 2032 612 2082 pars
640 2023 751 2081 patrone
789 2027 938 2086 patreanou
957 2017 1023 2080 ausi,
1033 2015 1197 2080 perscribunt
1211 2014 1325 2078 principi

217 2093 368 2144 deberetur.
788 2109 941 2145 eonsensum
965 2099 1078 2152 senatus,
1095 2097 1122 2140 et
1140 2090 1168 2140 id
1182 2089 1263 2140 decas
1274 2089 1326 2154 ipsi

240 2169 334 2235 ltaque
343 2183 401 2218 cum
409 2181 486 2217 unum
495 2167 599 2231 quidem
607 2165 688 2216 filiunt
697 2167 749 2215 bre·
788 2171 917 2232 tribuunt,
938 2175 966 2219 et
987 2169 1027 2218 ille
1046 2175 1129 2218 meter·
1149 2167 1327 2218 mearunt·

217 2243 307 2295 redens
327 2245 469 2308 reliquerat
492 2243 611 2305 libertus,
639 2243 749 2307 perinde
781 2247 867 2312 fleret,
884 2251 912 2296 st
933 2259 1028 2309 nempe
1046 2245 1111 2294 inter
1130 2259 1228 2308 pasees,
1243 2244 1326 2309 qeiei

219 2335 279 2384 pars
290 2319 375 2370 medin
385 2319 532 2370 debebatur
545 2325 664 2388 patrono,
677 2333 707 2368 ae
725 2319 749 2368 si
788 2321 923 2384 sententie,
946 2334 992 2370 seu
1009 2321 1148 2370 consensui
1164 2325 1271 2370 senatus
1281 2319 1326 2370 ad·

218 2399 241 2448 is
252 2399 307 2447 siue
318 2397 371 2447 ullo
381 2396 435 2446 tilio
451 2396 537 2446 filiam
556 2396 694 2446 intestatus
704 2395 750 2444 de·
789 2404 967 2447 versarentur.

219 2473 351 2524 cessisset.
825 2475 979 2538 Quibusdam,
989 2473 1016 2523 id
1027 2479 1078 2536 est,
1099 2473 1190 2538 paneis
1201 2472 1253 2522 illie
1266 2485 1327 2522 eon·

252 2547 318 2596 Com
341 2561 404 2598 vero
426 2547 489 2597 duos
516 2546 614 2596 dumne
634 2545 753 2595 heredes
792 2549 877 2600 sensui
890 2557 992 2614 patrum
1001 2549 1125 2613 adversis,
1134 2547 1328 2613 quieensebant

220 2624 530 2687 reliquerat,tertiapsrs
548 2622 691 2672 debebatur
707 2637 753 2686 pa·
792 2624 909 2674 revocari
931 2624 1026 2674 debere
1047 2623 1212 2686 libertatem
1238 2623 1285 2688 qui
1301 2629 1330 2674 el

220 2709 317 2750 trono:
345 2699 367 2749 ai
397 2706 449 2749 tres
468 2701 619 2764 reliquerat,
645 2699 754 2762 repelle·
792 2699 843 2764 ipsi
854 2698 1007 2763 tremebant,
1024 2700 1134 2748 ωαῐϋωιι
1148 2698 1329 2749 nimocien-

219 2775 299 2826 betnr
320 2780 456 2837 patronus.
496 2774 565 2824 Item
586 2783 617 2824 ut
633 2774 752 2837 libertus,
792 2777 921 2826 serentium
931 2789 958 2825 ee
970 2789 1050 2840 nsque
1058 2775 1205 2838 promptare,
1216 2775 1279 2823 otei
1291 2785 1328 2838 ne,

220 2850 263 2914 qul
274 2850 339 2899 dnos
349 2849 445 2898 liberos
456 2850 483 2897 in
495 2855 624 2912 potestate
633 2850 754 2915 baberet,
791 2865 823 2900 aa
839 2867 903 2914 equo
914 2866 967 2900 eum
975 2849 1264 2914 patronisjsreogemst,
1274 2863 1327 2899 sen·

219 2939 356 2988 operarum
367 2924 524 2987 obligatione
535 2924 699 2976 liberaretur.
791 2929 890 2978 tentiam
900 2939 989 2990 eornm,
1003 2941 1096 2991 nempe
1105 2932 1263 2985 senatorum,
1281 2939 1328 2976 see

251 2999 492 3062 'Necdeenantqsi
503 2999 634 3062 censerent]
656 3001 752 3050 Cense-
790 3005 903 3069 ipsumm
923 3011 1098 3069 patronorum,
1113 3005 1282 3066 maulim,
1301 3019 1330 3054 oe

218 3077 285 3126 bant
295 3075 372 3140 pauci
387 3087 490 3138 nempe,
502 3075 639 3123 reuocanda
656 3074 752 3124 litetu-
790 3081 926 3130 eerteribar
936 3095 1019 3130 moras
1031 3082 1094 3128 altra
1106 3080 1267 3142 intenderent,
1282 3079 1328 3128 ad·

219 3150 532 3216 tisjaepatroaisdandnor
543 3165 608 3200 esse.
643 3151 692 3201 Sed
699 3167 752 3201 eon-
791 3170 882 3205 versus
893 3162 1015 3220 patronos
1031 3169 1135 3220 nempe,
1150 3155 1329 3218 impelleremus

220 3229 281 3278 seles
297 3229 432 3277 relationem
444 3227 548 3291 incipere
564 3239 610 3276 nee
621 3227 753 3292 uesisunt,
791 3230 873 3292 ipsos,
897 3243 989 3292 mm
1014 3238 1082 3278 mma
1096 3230 1134 3279 sie
1157 3229 1331 3282 dissuadentes.

220 3305 366 3354 inconsulto
383 3303 508 3368 principe:
523 3303 551 3351 id
568 3309 617 3365 est,
626 3303 682 3366 jam
701 3303 752 3352 Pe·
793 3305 871 3354 Forte
883 3306 933 3368 leg.
949 3305 1107 3368 inpellerent,
1123 3305 1161 3354 uel
1174 3305 1212 3355 nio
1230 3319 1327 3368 poeaarn

221 3385 276 3428 tres
299 3379 452 3443 promebant
470 3379 634 3444 seutentiam,
651 3385 679 3428 et
697 3393 753 3428 rem
791 3393 859 3429 muna
870 3379 1038 3428 dissuadentes.

222 3455 288 3503 bane
315 3453 497 3517 proponebant
522 3453 549 3503 in
576 3461 676 3518 senatu,
696 3461 754 3504 tan·
824 3453 1021 3518 rbtnpuurene,
1035 3454 1332 3518 idest‚nransersonso·

223 3543 300 3594 quarn
310 3528 337 3578 id
350 3543 365 3578 e
378 3527 481 3592 Repnb.
491 3536 578 3589 esset3
600 3536 628 3578 et
642 3532 691 3579 boo
706 3529 753 3593 jus
793 3531 846 3580 lum
855 3531 1011 3594 intenderent,
1023 3529 1069 3579 sed
1086 3531 1167 3580 etism
1182 3531 1332 3595 inpellerent

220 3603 525 3670 babuitqnieissenator.
557 3605 679 3656 Attamen
690 3619 754 3655 non·
794 3622 825 3658 ae
846 3607 983 3671 pulsarent
1000 3600 1060 3655 snos
1075 3611 1206 3669 patronos.
1239 3603 1332 3670 Tiqu-

223 3682 284 3731 dum
315 3679 465 3731 referebant
488 3682 616 3742 consules,
639 3681 754 3732 nondum
794 3699 858 3744 nem,
870 3683 897 3732 ld
915 3687 965 3745 est,
982 3683 1031 3732 boe
1048 3683 1114 3744 loeo,
1133 3681 1331 3731 revocationem

223 3759 375 3809 relationem
403 3757 574 3822 incipiebant,
597 3757 659 3822 quin
683 3757 756 3821 prins
794 3759 933 3820 libertatis,
944 3759 985 3808 rel
1001 3757 1028 3807 in
1040 3770 1135 3822 genere
1147 3756 1334 3822 quodcumque

223 3835 371 3886 adulatione
399 3841 445 3883 ant
466 3841 537 3883 metu
564 3833 757 3883 consuluissent
796 3835 960 3900 supplicium.

224 3909 378 3976 prinoipem.
827 3909 880 3960 Sed
892 3921 1003 3974 quares,
1015 3905 1084 3956 unde
1102 3919 1239 3956 ermensenr
1257 3905 1331 3955 lllnm

255 3983 517 4036 lireeeertemalitia
537 3990 682 4046 temporum
705 3981 757 4034 luit
795 3983 996 4035 unatmbabere
1015 3983 1151 4047 potuerint
1169 3980 1333 4043 comulensi
1438 4019 1439 4024 ,

224 4062 293 4112 iuter
314 4063 385 4124 alias,
402 4067 434 4110 nt
448 4075 507 4125 quse
526 4065 614 4109 essem
624 4073 640 4107 e
651 4059 754 4122 Repub.
791 4058 1055 4112 eondumreletieeens
1062 4057 1226 4120 tseapersat,
1237 4057 1259 4106 si
1270 4069 1332 4106 non·

223 4134 322 4186 reterre
332 4136 439 4200 nollent,
449 4133 755 4185 autnonandereateon·
794 4135 855 4186 dem
881 4139 1036 4200 rogaverant
1060 4138 1150 4199 patres
1169 4133 1234 4200 quid
1250 4131 1330 4184 seua
