2917 4734
119 307 258 372 nese}
489 300 699 379 nuntium
728 302 802 357 tta.
826 300 899 357 xst.
1135 292 1220 361 1261

615 504 721 559 NOTAE

120 643 176 706 bns,
193 640 313 707 quamvis
324 641 460 707 imperinm
471 640 653 705 proconsulare
693 642 764 691 rilsns
784 648 813 692 et
832 641 892 693 tiliis
912 620 1070 707 principatui
1081 642 1226 709 destinetis,

120 716 270 769 offerretur
290 726 318 768 et
336 718 399 783 ipsis
419 726 450 781 pt
469 718 651 780 imperatorum
693 728 803 767 extensa
828 726 869 768 est
887 718 921 768 sd
947 734 1035 769 omnes
1061 721 1223 783 provinciss3

120 790 287 853 flliintsmen
306 806 430 858 numnam
442 792 467 841 tn
481 792 653 856 legitorintcr
693 792 805 858 ideoque
826 794 889 844 deta
907 794 1013 844 'liberio
1035 804 1100 857 erat,
1120 802 1147 845 et
1167 810 1224 845 cans

122 868 211 919 titulos
223 884 313 919 eorum
332 869 358 918 ln
379 870 511 919 veteribus
522 868 653 933 inscripti·
693 870 772 919 ctiam
782 870 826 919 ille
837 870 931 930 Rhodi,
941 868 1005 921 lieet
1016 873 1085 933 exul,
1094 876 1140 921 sot
1150 869 1224 935 qussi

121 945 220 1006 onibus,
228 946 277 995 nisi
288 945 358 995 forte
370 952 430 1009 post
438 958 519 993 avum
529 944 651 1006 Neronis;
693 946 898 1007 exul,exerenit,
910 951 978 995 teste
987 946 1095 995 Sueten.

123 1018 183 1069 lieet
197 1020 242 1070 alli
254 1022 363 1070 honores
380 1028 407 1071 et
424 1018 493 1070 titnll
505 1019 566 1082 ipsis
577 1032 652 1068 acco·
724 1021 805 1070 Initio
823 1022 850 1070 iu
868 1022 978 1085 speciem
991 1028 1091 1071 tantum
1110 1026 1226 1073 usumin

121 1095 260 1146 uiolentur.
691 1096 829 1146 videbator
839 1110 870 1147 es
881 1103 1005 1160 potestas,
1019 1103 1046 1146 st
1063 1100 1227 1147 momen

153 1171 294 1237 Principes
305 1173 355 1237 ipsi
366 1186 417 1221 nou
429 1170 589 1221 renovabant
607 1170 653 1220 im·
692 1178 751 1221 esset
762 1174 806 1237 qul
818 1186 873 1221 esm
884 1172 1001 1234 haberet,
1010 1180 1039 1223 et
1050 1181 1080 1222 ut
1091 1174 1229 1237 appellen·

122 1248 224 1311 perinni
234 1249 419 1312 proconsulare
434 1254 490 1311 post
502 1246 598 1312 aliquot
609 1260 653 1295 sn·
693 1248 763 1297 tibus
773 1262 831 1298 enns
840 1249 931 1311 injure
943 1256 1060 1299 extremo
1068 1247 1226 1315 ferreopem

123 1332 179 1383 ons,
197 1324 403 1373 uttribuuiclem
416 1330 582 1385 potestatem,
594 1322 654 1385 quie
693 1330 792 1386 posset.

122 1397 188 1449 illud
199 1399 352 1449 obtinebant
364 1408 520 1463 perpetuum
540 1399 609 1449 intra
626 1408 653 1448 et
725 1398 778 1449 Sed
786 1402 829 1465 qsri
842 1400 927 1463 potuit
938 1400 993 1449 ollis
1004 1413 1081 1465 opem
1091 1398 1170 1462 ferre,
1182 1414 1228 1466 po-

121 1482 197 1525 estrn
209 1477 360 1539 pornoerlom
373 1476 459 1525 Urbis.
694 1476 746 1525 tuit
767 1482 795 1524 et
815 1477 864 1524 vim
877 1478 1005 1539 repellere
1024 1491 1040 1524 a
1058 1490 1096 1537 se,
1108 1484 1136 1526 et
1147 1475 1227 1527 etism

152 1552 179 1602 Si
198 1553 259 1616 quis
278 1552 390 1600 nondum
409 1552 529 1615 princeps
546 1550 656 1599 liaberet
695 1550 746 1599 vim
758 1550 854 1600 inferro
871 1566 919 1612 pro
930 1551 1014 1613 libito,
1024 1551 1046 1599 si
1057 1552 1227 1614 vellet,tnte

121 1630 306 1691 proconsulare
318 1627 451 1690 imperium
463 1636 537 1676 extre
547 1627 654 1686 Urbem,
695 1626 797 1691 Repub.
808 1642 866 1676 esse
876 1634 1005 1676 censeret.

123 1713 148 1754 et
166 1704 246 1754 simul
258 1704 422 1753 tribuniciam
443 1711 607 1767 potestatem,
626 1709 656 1752 ut
727 1703 762 1750 Et
780 1703 879 1751 richoo
898 1716 950 1751 nno
962 1704 1039 1751 titulo
1055 1702 1170 1751 inbuere
1182 1700 1227 1751 do·

121 1780 211 1829 habuit
233 1780 408 1829 verisimiliter
431 1777 558 1843 Agrippa,
577 1787 605 1827 ut
625 1788 654 1827 et
694 1779 821 1827 minantes
832 1779 912 1827 telum
928 1780 996 1842 quod
1008 1792 1084 1829 nemo
1104 1778 1227 1828 retunde·

122 1856 252 1919 liberius,
280 1864 353 1905 certe
375 1863 431 1906 tuns
454 1856 589 1905 videbatur
611 1856 652 1903 lra·
695 1862 746 1915 ret,
756 1869 807 1918 qno
821 1868 849 1902 se
866 1860 895 1903 et
913 1856 978 1903 alios
997 1858 1143 1915 tuerentur,
1162 1869 1227 1917 qoos

122 1930 183 1981 bere
201 1940 362 1995 potestatem
381 1933 450 1981 intra
468 1938 495 1981 et
515 1938 591 1981 entra
604 1932 654 1981 Ur·
696 1931 803 1992 vellent,
827 1943 877 1993 qoo
895 1929 1047 1979 audaciores
1075 1929 1229 1991 comprime·

122 2006 256 2069 bem,sere
268 2008 393 2073 aqualem
407 2006 525 2070 principi.
697 2010 764 2055 rent.
1222 2000 1230 2009 ¹

152 2081 195 2131 Ae
209 2090 298 2130 tamen
307 2082 428 2130 Tiberius
439 2096 490 2130 noo
500 2082 591 2130 lrabnit
600 2094 656 2145 pro·
728 2080 918 2129 l'roconsolare
938 2077 1076 2142 imperium
1088 2092 1138 2127 nou
1156 2093 1229 2128 reno·

122 2159 259 2207 consulare
286 2158 421 2221 imperium
448 2165 523 2207 extra
545 2158 655 2216 Urbem,
695 2164 783 2205 vntum
803 2159 829 2204 iu
848 2157 912 2220 ipsis
928 2155 1087 2219 principibus
1104 2156 1229 2218 postNe·

122 2234 169 2281 nisi
180 2232 318 2281 delinitum
337 2242 365 2282 et
376 2240 513 2289 arctatum,
526 2246 619 2294 nempe
629 2232 655 2280 in
695 2234 765 2281 ronis
777 2248 869 2288 aevunr,
881 2232 939 2295 quia
951 2238 1104 2294 perpetuum
1116 2230 1230 2279 vindiea-

123 2310 201 2357 eertis
219 2309 368 2371 provinciis,
379 2322 429 2357 uon
448 2309 523 2356 ultra
557 2308 595 2357 Ut
606 2324 655 2358 nee
697 2322 774 2368 vere;
792 2308 838 2357 seu
855 2316 940 2357 tamen
953 2316 1040 2367 antes,
1051 2314 1081 2356 ut
1097 2314 1171 2369 puto,
1190 2321 1230 2357 re·

123 2390 149 2433 et
166 2384 224 2447 lpse
241 2382 320 2432 Caius
336 2384 402 2431 filius
415 2382 536 2446 Augusti,
553 2400 656 2447 compo·
696 2394 818 2435 novatum
828 2385 854 2435 iu
869 2386 925 2448 ipso
938 2384 1066 2447 Augusto.

122 2462 209 2511 nendo
220 2462 326 2510 (lrleutl
342 2461 495 2525 preponitur
513 2462 591 2521 olisn3
608 2476 656 2511 uec
724 2462 931 2512 OstendltDiol.
942 2455 1231 2519 cv.A.v.rsr.quippe

124 2536 296 2588 Germanicus
308 2536 364 2601 ipse
380 2536 406 2586 in
420 2537 488 2587 lolem
507 2536 599 2586 missos
609 2538 656 2586 sub
697 2530 1232 2599 scribit,Augusturn‘ceusomegissecivl·

121 2614 236 2664 riberto.
697 2630 740 2663 um
761 2613 837 2662 Rom.
857 2612 946 2675 quiin
967 2609 1045 2658 ltalia
1063 2604 1231 2657 habitarent!

154 2690 251 2754 ltaque
263 2687 300 2739 sie
317 2690 500 2752 proconsulare
520 2686 655 2751 imperium
698 2689 738 2738 Ac
750 2703 783 2737 ue
793 2687 832 2737 uti
850 2701 942 2735 censor
951 2686 976 2734 id
989 2686 1076 2735 iacere
1088 2685 1230 2747 videretur,

124 2774 200 2814 estre
221 2765 320 2814 Urbem
340 2764 496 2813 illimitatum
515 2770 544 2812 et
563 2776 657 2825 perpe·
696 2764 794 2828 (neque
802 2763 870 2811 enirn
878 2762 1029 2813 vocabulum
1038 2762 1151 2811 censoris
1162 2760 1231 2811 aeci.

124 2846 194 2889 tuom
218 2854 369 2889 concessum
393 2838 442 2889 luit
462 2840 587 2888 haetenus
610 2837 657 2886 soli
697 2840 794 2903 plebat,
820 2838 883 2887 lieet
907 2853 963 2887 eam
992 2844 1149 2900 poteststem
1179 2836 1230 2887 sibi

125 2914 234 2973 Neroni,
257 2916 356 2963 artibus
378 2928 471 2977 nempe
496 2912 657 2975 Agrippino,
697 2921 837 2974 assereret,
855 2923 882 2963 et
902 2912 1085 2977 praefecturam
1100 2926 1146 2960 seo
1165 2912 1231 2974 regi·

125 2990 160 3041 sic
168 2992 241 3040 illum
252 2991 421 3053 praeparantis
431 3003 528 3038 summo
537 2986 657 3049 fastigio,
697 3006 757 3039 men
768 3005 867 3038 morum
879 2988 935 3038 fere
947 2988 995 3037 sibi
1008 2986 1174 3036 vindicabant
1186 2986 1231 3036 oo-

125 3067 169 3115 sed
177 3068 216 3115 ita
225 3072 320 3126 umen,
328 3074 357 3114 ut
366 3065 437 3115 Nero
447 3071 501 3113 tutu
510 3062 580 3113 nulla
589 3062 658 3111 bella
697 3066 835 3125 minantes,
846 3071 874 3113 et
883 3064 964 3112 multa
975 3062 1026 3110 alia
1036 3061 1123 3110 munla
1133 3068 1232 3123 pra-ter

126 3142 245 3206 gesserit,
272 3149 300 3190 et
322 3141 390 3189 intre
413 3140 503 3189 urbem
526 3139 657 3187 manserit.
697 3154 801 3189 censum
831 3139 924 3186 civium
952 3136 1066 3184 habuere
1091 3132 1231 3197 Censores)

125 3216 275 3267 Potuerunt
298 3222 384 3265 tamen
407 3217 444 3265 sio
462 3216 499 3264 illi
515 3214 657 3277 provincias
694 3214 860 3277 proconsulare
879 3212 1003 3273 imperium
1019 3209 1117 3271 occepit.

125 3292 286 3354 demandari,
306 3300 334 3341 et
355 3292 423 3341 bella
441 3292 496 3355 ipse
510 3305 600 3354 gerere
612 3305 658 3353 po·
730 3287 959 3354 Igiturllugostns
976 3300 1027 3333 non
1046 3285 1135 3334 habuit
1151 3285 1233 3349 impe·

127 3370 185 3430 tuit,
207 3368 339 3432 praecipue
357 3368 379 3415 ei
396 3368 476 3416 semel
496 3367 657 3415 consulatum
698 3366 764 3415 rium
792 3364 975 3428 proconsulare
995 3367 1162 3425 perpetuum,
1185 3361 1231 3411 sed

127 3446 263 3508 attigisset.
699 3448 801 3491 tannim
813 3440 846 3489 ad
858 3448 969 3501 tempus.
1001 3436 1094 3503 ltaque
1111 3436 1175 3485 illud
1194 3436 1234 3485 iu·

157 3521 192 3569 lit
213 3518 265 3568 fult
282 3518 327 3567 ille
347 3518 543 3581 proconsulatus
559 3516 657 3565 Neroni
698 3515 900 3579 novarcpotuit,
911 3520 938 3562 et
955 3512 1055 3574 debuit,
1066 3526 1113 3576 pro
1123 3512 1234 3561 necessi·

126 3594 162 3644 sic
173 3596 258 3655 datos,
267 3595 372 3644 ultimus
384 3600 412 3643 et
421 3607 554 3656 supremos
566 3592 660 3657 gradus
702 3593 801 3642 tatibus
813 3590 983 3654 Reipublice.

130 3670 160 3718 ad
178 3672 329 3737 imperium
347 3676 375 3719 et
394 3670 431 3719 sie
449 3668 503 3719 fere
522 3666 573 3717 fuit
592 3670 660 3732 plus·
734 3668 882 3717 iltnonsio
897 3664 1027 3721 rehabuit
1040 3663 1073 3712 de
1093 3661 1233 3711 tribunicia

131 3760 204 3807 qnam
216 3744 357 3794 tribunicia
369 3750 494 3807 potestas,
511 3758 573 3809 quoe
586 3758 619 3792 ex
632 3758 660 3793 ae
701 3749 844 3806 potestate,
855 3756 911 3804 qun
922 3746 1050 3802 perpetua
1061 3735 1111 3785 fuit
1126 3736 1153 3784 iu
1163 3735 1234 3797 priu-

130 3820 237 3871 limltsto
246 3823 307 3871 olim
315 3820 489 3871 intrsUrbem
497 3820 566 3870 etsd
575 3820 660 3884 proni·
700 3819 769 3882 cipe,
778 3831 829 3866 nou
841 3823 927 3864 autem
942 3816 968 3863 in
980 3814 1044 3873 aliis,
1062 3818 1092 3861 ut
1102 3812 1129 3860 io
1141 3810 1233 3858 Marco

129 3910 194 3946 snsm
204 3898 314 3947 milliare
325 3904 403 3946 extra
413 3897 564 3961 pomoerium
573 3896 660 3959 Urbis,
700 3893 819 3959 Agrippa
830 3898 858 3942 et
868 3890 984 3951 Tiberio,
1001 3889 1093 3954 quibus
1110 3900 1234 3938 concesso

130 3981 157 4019 et
173 3987 229 4036 quaa
249 3972 302 4021 rim
325 3970 474 4035 prohibere,
494 3984 545 4019 ooo
562 3971 660 4020 inferre
700 3984 730 4017 ea
753 3974 867 4032 potestas
890 3973 948 4016 eret
968 3966 994 4013 io
1023 3960 1234 4028 quinquennium.

130 4054 225 4109 posset.
699 4042 751 4093 Illa
759 4044 838 4109 igitru
850 4042 888 4091 eis
896 4048 988 4104 sponte
999 4045 1027 4088 et
1033 4039 1110 4103 jussu
1121 4037 1233 4085 Caesaris

162 4123 226 4175 Ques
238 4130 327 4175 temen
337 4128 453 4189 potestas
463 4138 523 4175 mon
533 4113 559 4174 lui
576 4125 660 4174 Caesa·
700 4118 818 4171 renovari
836 4125 896 4181 post
914 4114 977 4164 illud
998 4119 1101 4177 tempus
1115 4112 1233 4177 elapsum
