2917 4734
218 305 306 372 tutu
575 321 608 371 o.
629 317 812 370 unaucurt
835 317 963 368 raom
1160 321 1317 388 [nume.

214 461 557 532 numennumen.
603 462 708 528 Pares
734 463 853 528 iterum
867 459 1070 526 accusmdtt
1090 481 1212 528 causas
1231 483 1320 546 mac,

222 633 309 678 natam
319 625 495 676 Mersellinarn
506 633 535 676 et
545 625 645 676 Silium.
677 625 717 676 Ac
728 641 806 690 pareo
819 639 906 676 rorone
926 623 1063 676 deserendi
1081 625 1212 678 foeminam
1229 641 1323 679 cautu

719 755 824 807 NO’l'AE

217 883 324 946 lauteni,
339 885 435 950 ‘paret
453 899 543 937 omna·
556 901 624 951 erse,
643 888 665 936 ai
677 888 750 938 Nero
791 903 832 951 na,
843 887 963 938 Pallante
984 887 1111 950 adultero,
1129 886 1196 950 quod
1213 883 1324 950 impium

216 963 381 1026 imperitaret
390 963 408 1022 ς’
426 964 452 1012 id
464 971 516 1028 eat,
534 965 555 1014 ri
566 965 675 1029 imperio
691 978 750 1028 pro·
790 963 815 1011 in
828 963 981 1027 principem,
992 965 1059 1029 quod
1071 963 1202 1014 exitiabile
1210 957 1325 1026 principi

217 1038 475 1102 piuaadmoreretnr.
790 1045 817 1088 ct
834 1039 1001 1103 principatui.
1035 1039 1088 1090 Sed
1105 1040 1195 1087 melior
1215 1049 1324 1086 rentur:

250 1112 310 1162 Neo
331 1122 405 1163 certe
425 1111 552 1164 debriaret
573 1116 662 1166 Cesar
683 1115 749 1178 ipre,
789 1114 850 1178 quia
869 1115 1032 1164 insidiaretur
1052 1115 1197 1177 Agrippino
1213 1109 1324 1162 Claudio

217 1188 423 1253 contigissetque
443 1191 622 1254 impotentiam
650 1200 678 1242 et
705 1189 750 1239 tta-
790 1197 818 1239 et
829 1189 891 1252 lilio,
902 1200 931 1238 ut
941 1205 1034 1254 nempe
1045 1191 1186 1254 imperaret
1197 1189 1277 1237 Nero.

215 1262 281 1326 glria
300 1265 398 1325 uxoris,
419 1273 448 1314 ut
468 1272 543 1328 patet
566 1281 599 1314 ex
622 1281 653 1313 ea
674 1279 750 1326 voce,
826 1267 900 1316 Porro
908 1267 1285 1324 immurmurantem-erre,
1301 1262 1327 1310 oi

167 1358 171 1364 ·
216 1341 470 1404 quamtemuleutns,
490 1343 558 1391 aerio
578 1349 674 1403 tamen,
693 1357 751 1404 pro·
791 1343 857 1390 Nero
869 1344 1029 1406 imperitaret]
1057 1343 1107 1393 Qui
1119 1349 1146 1391 et
1158 1339 1324 1404 qrtaratione

217 1417 356 1477 nuntiarit,
373 1405 541 1480 prnmbnitua
558 1417 627 1467 band
644 1417 749 1465 dubiea
790 1426 894 1468 accuret
916 1419 1024 1468 liberino
1049 1420 1127 1467 etiam
1151 1415 1324 1479 Agrippinam

216 1477 312 1540 liberto
324 1507 370 1541 ouo
392 1491 522 1552 Narciaao,
539 1493 585 1542 aed
604 1507 705 1541 ueneno
715 1492 749 1542 ab
788 1501 905 1557 matrem,
922 1494 943 1542 ti
965 1497 1037 1543 Nero
1057 1487 1208 1555 imperitet?
1239 1489 1324 1539 Certe

217 1564 260 1613 illa
272 1574 422 1629 proventui
434 1573 481 1618 eet.
788 1569 849 1632 quia
862 1571 887 1618 in
905 1569 932 1618 id
951 1583 999 1631 par
1017 1567 1191 1632 impudicitia,
1202 1578 1249 1630 par
1269 1579 1327 1614 am·

250 1641 288 1690 tlt
297 1643 318 1690 oi
332 1643 496 1692 Britannicus
517 1639 679 1704 succederet,
688 1641 749 1692 hac·
789 1643 852 1694 bitio
865 1643 1019 1708 Agrippinen
1031 1659 1061 1693 ac
1073 1643 1237 1694 Messalliure.
1326 1689 1329 1694 .

218 1723 294 1766 tenuo
313 1717 377 1765 nibil
397 1717 431 1766 de
450 1719 499 1767 hoc
521 1719 639 1782 principe
648 1733 677 1768 re
695 1734 748 1768 me·
821 1721 872 1771 Sed
888 1723 931 1786 qui
952 1729 1058 1772 accuret
1075 1729 1184 1770 matrem
1204 1716 1273 1781 apud
1293 1715 1325 1766 tl·

216 1791 309 1852 minoe,
328 1799 444 1843 attamen
461 1807 528 1841 nnnc
544 1794 611 1842 Moe
633 1793 748 1843 merendi
788 1799 850 1848 lium
876 1799 1031 1862 principem,
1053 1797 1123 1860 apud
1143 1799 1284 1856 Neronem,
1300 1793 1324 1844 ai

217 1867 270 1917 albi
290 1868 346 1916 dari
369 1869 539 1930 occasionem,
563 1870 623 1932 quia
644 1883 749 1918 nornen
789 1873 949 1937 imperaret?
977 1887 1036 1920 nam
1070 1871 1125 1920 fere
1153 1885 1204 1918 non
1229 1861 1325 1918 habuit

215 1943 313 1994 insidiis
333 1945 421 1993 domne
444 1946 526 1995 omnio
547 1947 748 2006 convelleretur,
790 1947 859 1997 aliud
871 1949 967 1997 crimen
979 1955 1069 2007 mater,
1087 1961 1162 2010 qnam
1174 1945 1263 1992 dotum
1276 1943 1325 1992 irn-

216 2021 314 2085 majore
353 2018 451 2084 flagitio
481 2034 557 2084 qnam
592 2019 748 2068 blesrnllinae
791 2025 890 2088 perium
901 2023 998 2073 Neroni
1009 2021 1072 2082 filio,
1083 2029 1110 2070 et
1122 2021 1154 2070 ob
1165 2020 1191 2069 id
1209 2017 1324 2081 impudi-

215 2094 296 2154 ulirn3
314 2102 385 2144 etne
397 2110 465 2144 nnnc
480 2095 652 2156 impudicitiam
671 2095 750 2144 etiam
791 2099 850 2150 citio
861 2099 926 2162 ipsa
949 2100 1012 2149 Tac.
1030 2105 1037 2127 ⁴
1052 2097 1115 2147 nibil
1135 2097 1203 2146 domi
1213 2093 1327 2158 impudi-

216 2169 305 2229 Μ,
323 2172 432 2219 Polluit
449 2172 566 2229 adultero,
585 2177 616 2218 ut
635 2177 662 2218 tt
673 2178 752 2219 antea
790 2189 858 2235 cum,
868 2175 917 2224 niti
928 2181 1051 2238 qtrautum
1062 2171 1231 2224 dominationi
1241 2185 1325 2234 cxpe-

216 2245 327 2305 Silio,et
348 2245 516 2308 Agrippinam
526 2247 751 2308 pudorem,eorpno,
790 2249 875 2302 diret!
1323 2285 1327 2292 .

219 2320 306 2370 omnin
316 2337 389 2383 regno
401 2321 486 2370 tiliorn
496 2321 588 2370 inim.
823 2325 902 2375 Forte
912 2326 953 2376 lric
972 2339 1061 2374 renunc
1079 2325 1130 2374 eit:
1147 2337 1217 2388 pom
1234 2321 1325 2371 iterum

242 2397 308 2450 Qun
318 2396 605 2461 flagitinnocercoe,qun.·
613 2397 749 2446 moleton·
788 2401 914 2450 ncmmndi
935 2416 1026 2459 camno,
1046 2401 1067 2450 ri
1087 2399 1143 2464 quio
1164 2397 1282 2460 auderet,
1301 2397 1325 2446 ri

214 2474 282 2538 o'tlia,
292 2477 314 2524 si
333 2475 448 2526 deferret
460 2477 676 2538 rubuerteretque
694 2489 749 2522 rur·
790 2475 919 2526 vindicare
947 2478 1028 2526 vellet
1054 2475 1186 2526 Claudius.
1219 2473 1322 2537 Supra:

213 2565 261 2602 aaa
283 2553 431 2611 Narcissus,
453 2566 521 2600 nnnc
543 2551 575 2599 de
596 2550 748 2599 Britannico
791 2551 896 2600 ‘Fatale
907 2552 956 2601 sibi
968 2559 996 2600 ut
1004 2553 1142 2615 conjugum
1155 2547 1254 2608 flagitia
1270 2545 1324 2596 fer·

215 2629 493 2679 beneoemeriturmu.
521 2626 749 2688 ‘litecdictitana,
787 2633 838 2690 ret,
857 2626 917 2677 dein
937 2628 1041 2691 puniret
1052 2625 1067 2686 ς’
1093 2627 1131 2674 rel
1148 2624 1324 2688 patelierent

217 2704 340 2767 amplecti
351 2703 539 2760 Britannicum,
550 2699 610 2750 &cl
785 2702 920 2762 mundi,
930 2715 1013 2750 comer
1029 2715 1077 2750 erro
1086 2715 1096 2756 ς
1110 2705 1221 2748 matrem
1239 2698 1324 2748 ctiam

248 2781 354 2829 ‘Pareo
364 2780 452 2830 ilerum
470 2775 605 2838 renuendo]
639 2775 747 2825 Itahoec
789 2777 1028 2842 apodfilium,quia
1042 2775 1252 2840 impudicaquia
1268 2789 1326 2824 am·

216 2853 399 2917 diotingnendo
434 2861 510 2901 runt:
543 2851 594 2899 etri
627 2857 751 2913 conpecto
788 2853 1065 2917 bitioeanrullcr,quae
1087 2852 1326 2915 liliumiprurnim·

215 2929 312 2980 utendi.
345 2928 452 2990 Lipsiae.
789 2929 947 2991 penitentem
957 2931 1070 2978 tolerare
1081 2927 1214 2992 nequibat,
1225 2942 1284 2992 qnae
1296 2933 1327 2976 et

249 3005 327 3054 Pareo
347 3003 446 3066 dm]
479 3003 561 3051 Pareo
583 3002 748 3051 iterumcan-
789 3002 822 3052 dc
842 3002 913 3052 facto
932 3013 1025 3069 postea
1044 3013 1166 3052 accurata
1185 3011 1236 3065 ert,
1255 3003 1325 3052 uelle

215 3095 258 3132 m
280 3093 338 3128 carc
365 3077 505 3128 accurandi
525 3076 748 3142 Agrippinensi
790 3077 1325 3140 amanioonol'lautiotradereirnperinm.

217 3156 291 3206 Nero
310 3156 459 3218 imperaret,
479 3153 540 3218 qnia
560 3161 590 3202 nt
605 3154 750 3215 imperaret
823 3153 895 3204 iufra
918 3154 936 3203 Ι.
960 3167 1023 3204 xtrr.
1047 3157 1086 3204 lb.
1119 3153 1325 3202 ‘Destinariare

215 3231 271 3295 tlte,
303 3231 449 3294 Agrippina
475 3229 640 3280 convellebat
668 3236 749 3279 tutam
790 3247 847 3282 eam
860 3232 1007 3282 Rubellium
1022 3230 1146 3280 Plautum
1167 3243 1215 3292 per
1230 3236 1326 3278 mater.

217 3307 323 3358 domim
332 3307 467 3369 principis,
477 3315 506 3355 et
517 3305 688 3354 insidiabatur
697 3305 749 3368 ipsi
789 3323 849 3358 nam
858 3307 983 3370 originem
1003 3307 1059 3371 pari
1071 3321 1102 3358 ac
1123 3306 1194 3354 Nero
1212 3304 1296 3368 gradu
1308 3321 1325 3354 a

217 3385 325 3444 onaan,
335 3393 364 3433 et
374 3384 435 3448 qrrin
447 3384 473 3432 in
493 3383 520 3431 id
540 3383 673 3446 impudica
690 3387 749 3431 erat
792 3385 860 3434 Diuo
870 3384 988 3448 Augusto
1000 3383 1032 3432 ad
1042 3397 1082 3432 reo
1093 3396 1172 3432 nuvae
1183 3383 1326 3440 extollere,

215 3459 339 3508 Pallante
346 3460 474 3520 adultero,
483 3466 511 3507 ut
520 3458 750 3520 MeaaallinaSllio,
789 3461 962 3525 conjugioque
974 3459 1028 3523 ejus
1040 3459 1118 3507 etiam
1127 3459 1235 3521 imperio
1246 3457 1327 3506 liena·

216 3536 294 3590 eteic
313 3550 383 3599 perer
401 3535 494 3583 iterum
513 3533 651 3584 occurrendi
669 3549 751 3582 cunm
790 3537 852 3602 pub.
865 3551 952 3586 rursus
963 3534 1103 3584 inuadere!

217 3611 374 3673 reatinen·
396 3611 462 3661 Nero
476 3612 633 3674 imperitaret.
666 3608 748 3659 Intel-
824 3611 931 3662 litibid.
945 3615 986 3661 21.
1002 3610 1060 3674 ipsa
1080 3609 1274 3674 Agrippinaoic
1286 3609 1324 3658 lo-

216 3689 278 3755 lige,
299 3690 320 3737 oi
342 3702 457 3749 consono,
477 3687 499 3735 ri
520 3687 621 3748 collega
646 3684 749 3747 imperii
789 3689 895 3756 quitur:
924 3687 968 3735 ‘Si
991 3687 1098 3735 Plautus
1116 3691 1162 3734 aut
1182 3685 1240 3748 quio
1255 3685 1323 3734 aliua

215 3763 457 3828 turturiacense
467 3762 749 3813 asciscereturaclan·
790 3764 919 3828 Rempnb.
932 3762 1096 3826 judicaturus
1114 3760 1266 3820 obtinuerit,
1277 3759 1324 3809 de-

216 3839 269 3892 dio.
788 3837 1027 3892 ronterilicetmilri
1036 3844 1211 3896 accuratorer,
1219 3835 1262 3898 qni
1272 3848 1326 3883 non

248 3920 298 3970 vet
307 3934 377 3983 pmcn
387 3921 474 3970 iterant
484 3917 610 3967 mamni
618 3930 710 3978 camna,
726 3915 750 3964 al
789 3916 871 3966 verba
883 3914 1046 3978 impatientia
1055 3911 1171 3962 caritatis
1183 3909 1324 3974 aliqnando

216 3993 290 4049 Nero
301 3995 474 4058 imperitaret,
486 3995 545 4058 qnia
564 3997 599 4043 ot»
615 3994 641 4042 id
659 4006 752 4055 perpe-
790 3993 904 4058 incauta,
924 3991 972 4041 aed
1000 4005 1033 4040 ea
1053 3987 1162 4038 crimina
1186 3985 1327 4048 objiciant,

216 4077 262 4120 tuo
270 4069 464 4124 dominantibus
472 4071 644 4120 insidiabatur
653 4068 750 4133 Agrip«
789 4067 881 4133 quibus
899 4064 1039 4118 niniatilio
1055 4069 1139 4114 mater
1151 4059 1253 4112 absolvi
1272 4073 1325 4110 ooa

217 4146 326 4210 plener
336 4149 398 4214 quia
413 4148 546 4213 impudica
562 4147 749 4200 itorunioeml·
788 4144 918 4210 ponnml'
