2917 4734
214 244 313 313 1498.
564 258 595 308 o.
618 256 797 306 coauuuu
821 257 947 306 ruorrr
1163 257 1321 325 [sumto.

215 405 412 491 impunitate
432 409 466 469 et
488 405 650 488 praemiis,
671 409 771 485 atque
794 403 869 486 ipse
893 403 1057 467 occuitus⁰
1071 405 1106 464 et
1123 401 1320 488 plerumque

215 527 326 572 comm
350 513 591 592 prospectans:
613 506 733 581 donec,
764 504 908 580 discordi
938 503 1074 588 populo,
1099 509 1132 568 et
1161 505 1323 584 gravioris

217 697 293 746 tiones
310 697 443 755 mimorum,
462 695 526 744 celat
542 695 569 742 iu
590 692 720 742 momine
739 691 1002 751 commoriturum
1013 692 1131 754 fingitilr,
1151 695 1175 740 et
1193 693 1326 752 largitione

217 761 361 826 proposita,
371 765 440 824 etque
451 761 501 823 ipre
512 759 613 819 oddtlrm
623 763 646 806 et
655 772 718 820 eoepe
727 771 807 805 corum
816 756 975 820 prorpicim:
994 759 1065 806 donec
1072 757 1210 806 cedittouerrt
1218 761 1325 806 moeste

719 887 825 936 NOTAE

250 989 289 1038 Ut
311 988 380 1052 opud
402 989 542 1050 dominum,
564 987 625 1035 lortoe
646 1000 703 1035 atus
722 1000 751 1034 ec
791 983 939 1034 ficationem
961 997 1046 1032 rerum
1067 987 1096 1033 et
1117 980 1261 1032 affectuum
1281 995 1327 1045 pa·

218 1065 325 1124 numm,
347 1061 416 1126 quod
440 1070 491 1125 est,
513 1063 624 1112 vestium
648 1075 664 1109 e
690 1062 752 1110 lanu
793 1069 850 1110 rata
862 1061 960 1109 illorum
972 1067 1012 1108 est
1024 1073 1122 1118 mouns,
1140 1067 1167 1106 et
1186 1057 1326 1108 verborum

217 1155 294 1200 arou
307 1141 426 1189 laboribus
434 1146 458 1189 et
470 1140 546 1198 tellis,
558 1154 606 1202 pro
618 1137 751 1188 laboribus
792 1136 955 1185 velocitatem
967 1141 1056 1199 gestus
1066 1132 1227 1198 assequitur!

219 1216 289 1269 belli.
321 1217 366 1266 Sic
386 1217 505 1265 licentium
524 1217 641 1264 ludicram
656 1219 680 1262 et
694 1212 753 1273 sou·
826 1213 860 1260 Et
879 1211 952 1260 Casu.
974 1211 991 1259 Ι.
1014 1223 1052 1258 rr.
1074 1209 1152 1272 epist.
1174 1208 1222 1257 ult.
1239 1207 1327 1258 ‘ilinc

217 1299 282 1343 tores
291 1293 441 1354 histrionum,
451 1293 477 1341 id
489 1298 538 1350 est,
549 1291 679 1340 licentiam
688 1289 754 1338 ludi·
793 1294 854 1335 sunt
865 1287 959 1334 additu
972 1285 1149 1344 horcistarum,
1161 1282 1200 1348 (id
1218 1291 1269 1344 est,
1281 1283 1328 1331 sai·

220 1368 433 1419 crsmsautorum
444 1367 640 1418 histrionalinm.
661 1367 754 1415 Grouo·
794 1359 916 1424 tuntinm)
939 1360 1140 1424 ‘loquacissima
1164 1373 1256 1408 manus
1279 1359 1328 1406 liu-

220 1446 283 1494 ciae.
793 1439 864 1501 guosi
884 1437 966 1500 digiti,
978 1438 1117 1486 clamosum
1128 1435 1270 1498 silentium,
1282 1451 1328 1485 ex-

253 1520 369 1570 Fautores
392 1519 544 1582 itum]
586 1517 682 1566 Mirum
703 1523 753 1578 est,
793 1515 886 1578 positio
898 1513 995 1563 tacita!
1014 1511 1138 1575 Etpanlo
1150 1519 1223 1573 post:
1242 1511 1330 1560 ‘Pan-

221 1604 317 1660 quauto
329 1594 423 1643 ardore
439 1601 468 1643 et
486 1594 608 1656 cupidine
627 1593 685 1640 illos
696 1605 754 1654 pro·
793 1590 899 1638 tourimo
909 1587 1046 1649 igitur,cui
1060 1603 1075 1636 a
1091 1585 1233 1639 multifaria
1244 1588 1330 1637 imita·

220 1670 303 1719 secuti
330 1668 384 1718 sint
412 1670 491 1718 etiam
517 1668 681 1717 illustrissimi
705 1668 754 1715 Ro·
793 1667 864 1716 tione
889 1682 980 1716 nomeu
1005 1673 1054 1728 est,
1081 1682 1139 1716 cnm
1162 1667 1274 1730 primum
1301 1669 1328 1716 iu

219 1744 303 1794 mani:
321 1751 396 1808 puto,
414 1751 442 1794 et
460 1742 573 1793 imminue
590 1745 704 1808 insignes
715 1741 754 1792 fa·
793 1758 897 1793 scenam
911 1743 1038 1806 plausibus
1051 1743 1174 1791 invitatus
1183 1743 1330 1806 advenerit,

219 1835 282 1872 vere
295 1821 389 1870 talibus
402 1820 530 1886 portentis
549 1835 630 1884 usque
646 1818 678 1868 ad
690 1816 755 1867 int‘o·
794 1819 917 1868 assistunt
929 1819 1034 1868 consoni
1051 1819 1123 1868 chori
1135 1818 1243 1868 dirersis
1254 1835 1330 1883 orga-

221 1898 308 1948 mium.
795 1895 835 1944 nis
846 1894 954 1954 eruditl;
973 1901 1027 1943 turn
1039 1895 1084 1943 illa
1096 1910 1215 1944 sensuum
1227 1910 1329 1957 uranus,

254 1975 346 2024 Senec.
357 1973 436 2037 epist.
447 1976 489 2022 li.
506 1970 666 2021 ‘Ostendam
683 1969 755 2019 uolri-
794 1971 876 2020 oculis
895 1983 1017 2020 canorum
1039 1983 1144 2018 carmen
1164 1971 1282 2032 exponit,
1302 1979 1330 2022 et

219 2049 329 2099 lissimos
346 2050 456 2112 juvenes
473 2047 602 2110 mancipia
623 2045 756 2094 Pantomi·
795 2060 843 2110 per
863 2045 937 2107 signo
957 2045 1109 2108 composita,
1130 2045 1203 2109 qnasi
1223 2044 1330 2110 quibus-

221 2123 338 2174 morum.¹
432 2169 435 2172 .
796 2121 854 2170 dam
872 2119 964 2182 literis,
983 2121 1076 2170 edocet
1096 2120 1219 2170 intuentis
1239 2137 1330 2185 aspec-

252 2201 318 2248 Tac.
337 2212 356 2247 r.
374 2203 415 2249 ⁷7.
432 2199 491 2246 ‘De
512 2197 589 2247 modo
611 2196 708 2246 lucaris
727 2201 755 2244 et
796 2195 957 2256 tum3iuilla
968 2195 1291 2260 legunturapicesrerum‚
1302 2207 1330 2248 et

222 2275 346 2326 adversus
367 2274 500 2323 lasciviam
522 2272 650 2336 fautorum
672 2272 756 2320 multe
796 2285 847 2320 non
858 2269 994 2320 scribendo
1007 2269 1092 2330 docet,
1108 2272 1177 2335 quod
1196 2275 1330 2336 scriptura

222 2351 411 2410 decernuntur;
424 2365 456 2399 ex
477 2349 570 2414 quibus
591 2349 702 2398 maxime
718 2348 755 2396 in·
795 2348 951 2396 declaravit:
979 2347 1048 2396 idem
1069 2363 1164 2411 corpus
1187 2349 1330 2402 Herculem

220 2429 315 2494 signia:
334 2441 367 2475 ne
378 2426 468 2476 domos
480 2425 700 2476 Pmmutnorum
711 2424 756 2472 Se·
796 2423 962 2488 designator
974 2425 1100 2473 Venerem
1117 2423 1247 2474 t‘oerniuam
1264 2442 1331 2490 prm·

222 2509 299 2553 notor
321 2502 455 2551 introiret:
482 2515 517 2549 ne
539 2499 705 2563 egredientes
729 2499 756 2548 iu
796 2507 932 2562 sentat,et
957 2501 1071 2552 ltiortem
1094 2517 1180 2564 regem
1206 2500 1280 2564 facit,
1301 2510 1330 2553 et

223 2577 368 2643 publicum,
376 2577 478 2640 equites
488 2574 596 2625 Rourani
608 2574 755 2638 cingerent:
796 2576 902 2626 militem
915 2591 1002 2626 senem
1015 2577 1110 2638 reddit,
1119 2577 1291 2642 etjuveuern;
1303 2579 1330 2628 in

222 2660 268 2703 aut
280 2653 342 2703 olibi
352 2667 428 2717 quam
444 2653 471 2700 iu
487 2652 590 2701 theatro
608 2659 756 2715 spectarcn·
796 2667 847 2701 uuo
864 2653 942 2704 credo
963 2669 1019 2704 esse
1038 2655 1133 2704 multos
1155 2655 1225 2704 varia
1245 2655 1331 2707 imitt-

225 2728 284 2780 tur.’
318 2727 351 2777 ld
374 2735 423 2789 est,
444 2741 477 2776 ne
496 2727 523 2775 in
546 2726 622 2776 domo
643 2741 698 2786 sua,
714 2727 756 2775 rel
797 2729 1022 2778 tiouediscretos!

223 2804 307 2854 uliena
317 2803 448 2864 luderent,
457 2816 504 2850 seu
512 2801 615 2849 mimum
628 2807 745 2864 agerent.
828 2812 841 2837 ³
861 2805 928 2856 Velut
940 2807 964 2854 iu
974 2807 1057 2869 malla
1068 2805 1196 2870 conuertit]
1221 2807 1330 2858 Sueten.

257 2880 374 2943 Ideoque
385 2879 480 2940 saepius
492 2877 572 2938 ejecti
584 2891 671 2936 scena,
683 2877 758 2938 urbe,
797 2879 863 2930 Ner.
884 2885 927 2929 26.
948 2881 956 2908 ‘
965 2879 1135 2946 interdiuque
1157 2884 1223 2932 claun
1245 2891 1331 2947 gestu·

224 2954 312 3016 llffllssr
323 2960 350 3002 θῖ
366 2966 436 3015 wite
456 2951 563 3012 redditi,
580 2951 626 2999 sed
646 2959 700 2999 totu
719 2957 758 3000 ts·
797 2955 864 3005 toria
876 2957 939 3007 sella
956 2957 1058 3006 delatus
1071 2957 1097 3006 in
1109 2958 1248 3020 theatrum,
1264 2957 1332 3007 sedi·

169 3026 176 3040 “
224 3028 376 3091 memoreris
387 3024 758 3090 certomiuidtrsproltiditi,teste
798 3033 910 3082 tionibus
938 3034 1154 3097 pantomimorum
1190 3047 1221 3083 ex
1252 3041 1331 3096 parte

224 3103 328 3166 Tacito,
337 3104 355 3153 1.
369 3116 425 3152 xiv.
798 3109 925 3172 prosceuii
937 3109 1073 3172 superiori,
1088 3107 1194 3173 signifer
1210 3109 1330 3160 simulne

258 3183 338 3232 Corte
355 3195 490 3246 procerum
509 3180 594 3244 multi,
613 3185 641 3229 et
659 3178 709 3230 riri
729 3185 759 3228 et
798 3193 932 3248 spectator
942 3185 1042 3236 aderat.
1074 3187 1108 3236 Et
1126 3185 1225 3235 eumad
1237 3200 1330 3235 manus

224 3259 335 3309 imminue
361 3273 420 3308 suos
448 3256 561 3307 habuere
588 3256 759 3321 pantomimos
798 3267 905 3312 reulum
925 3270 1005 3324 esset,
1021 3261 1201 3325 lapidibusque
1220 3267 1248 3309 et
1269 3260 1331 3310 sub·

226 3335 305 3395 domi,
315 3335 359 3401 qni
371 3335 440 3398 ipsos
451 3335 570 3397 privatim
582 3335 758 3383 oblectarent.
798 3337 929 3388 aelliorum
949 3335 1116 3402 fragruinibuo
1134 3337 1331 3399 decerneretur,

223 3409 269 3458 Sic
293 3408 411 3458 Domitio
439 3407 561 3456 Paridem
583 3408 691 3467 habitin
719 3406 758 3456 sie
798 3413 880 3464 multa
890 3419 918 3463 et
930 3413 984 3476 ipse
991 3413 1061 3477 jecit
1071 3415 1095 3462 in
1107 3413 1239 3475 populum,
1248 3421 1331 3476 atque

226 3485 294 3547 apud
315 3481 428 3532 Plinium
445 3483 576 3546 juniorem
597 3482 701 3532 immina
721 3483 759 3532 in·
798 3487 877 3537 etiam
890 3485 1307 3552 praetoriseapnteousauciarit’

223 3560 304 3624 signis
315 3559 393 3610 lrabet
403 3560 506 3608 mimum
515 3560 675 3608 collusorem.
829 3571 841 3597 ο
857 3565 936 3628 Atque
956 3565 1006 3628 lpse
1024 3562 1135 3626 miluo]
1161 3565 1222 3613 Non
1235 3563 1334 3613 intelli.

258 3636 360 3701 Nempe
371 3635 419 3693 illi,
430 3636 470 3684 rel
482 3635 559 3694 servi,
570 3635 719 3697 colliberti,
730 3639 759 3684 et
798 3639 919 3704 gendum,
929 3642 1001 3706 quasi
1019 3641 1073 3704 ipse
1090 3653 1118 3687 se
1138 3639 1283 3690 occultaret
1302 3640 1331 3690 iu

224 3711 259 3761 ob
281 3713 351 3761 ittam
370 3719 453 3760 artem
475 3710 652 3760 histrionicam
672 3725 759 3759 mano·
799 3717 885 3778 turba,
896 3725 941 3766 ant
952 3717 1021 3766 iuter
1031 3715 1168 3764 histriones
1187 3715 1262 3764 simul
1273 3730 1331 3766 cer-

224 3785 337 3836 missiae
349 3784 470 3835 libertate
482 3784 583 3846 donati,
597 3801 655 3835 euru
672 3787 759 3834 excel·
799 3799 905 3854 tante„
923 3791 968 3841 red
991 3789 1185 3852 intelligendum
1203 3804 1234 3838 eo
1251 3789 1330 3840 modo

223 3861 319 3909 lereut.
356 3861 389 3909 Et
401 3869 473 3909 certe
493 3861 559 3909 mira
578 3867 606 3910 et
624 3859 759 3932 ingeniosa
798 3881 826 3916 se
839 3869 981 3916 occultasse
994 3868 1134 3926 Neronem,
1151 3879 1201 3930 quo
1213 3865 1333 3930 explieat

224 3935 363 3986 admodum
375 3951 418 3985 ars
428 3937 474 3985 illu
483 3936 641 3988 histrionico.
755 3951 757 3958 ·
797 3941 871 3991 Suet.
893 3940 956 3992 Ner.
967 3945 1006 3990 26.
1022 3939 1149 3990 ‘Delatus
1162 3939 1187 3989 in
1197 3941 1332 3992 theatrum

258 4012 358 4061 Seneca
368 4013 445 4077 epist.
457 4017 512 4062 litt).
529 4013 637 4063 ‘Mirari
647 4014 759 4064 solemus
798 4031 830 4066 ex
843 4024 919 4081 parte
939 4015 1066 4082 proscenii
1078 4015 1203 4080 superiori
1223 4013 1332 4080 signiter

226 4099 311 4137 scene
324 4087 432 4155 peritos,
447 4087 517 4157 quod
528 4088 555 4140 iu
567 4103 669 4143 omnem
680 4090 758 4156 rigni·
798 4093 874 4145 rimul
886 4107 917 4146 ae
928 4097 1059 4158 spectator
1071 4089 1169 4154 ederat,
1186 4097 1285 4144 etcum
1296 4092 1330 4144 ad
