2917 4734
210 259 298 329 1262
556 273 590 321 o.
608 271 798 352 'conuenit
822 270 955 337 raeiri·
1153 270 1315 339 [aneos.

714 460 822 513 ΝΟΜ

213 602 314 655 debuit.
815 601 868 651 Sed
877 608 950 665 poto,
960 602 1022 651 illud
1034 601 1168 665 imperinm
1177 615 1317 665 procoma·

244 678 407 729 Reuoratnm
418 678 494 729 etiam
505 679 687 742 proconsulare
698 678 744 727 irn-
784 677 839 725 lsre
852 676 999 727 Germanici
1010 678 1081 725 velut
1100 676 1261 739 abrogatum,
1271 678 1317 727 de·

211 754 311 818 perium
323 756 348 803 in
360 754 417 805 iiliir
431 756 587 819 principum,
599 756 624 803 lo
636 755 745 803 Casari-
785 754 855 801 elissa
875 761 958 801 morte
978 753 1142 817 imperatoria
1154 752 1275 817 Augusti,
1288 760 1318 801 et

211 832 267 891 bure,
279 838 308 879 ut
320 832 345 879 iu
358 830 522 893 Germanico,
542 838 570 879 et
587 829 745 879 hauddubie
785 828 902 877 innovari
924 828 1044 878 debuitne
1064 844 1130 877 novo
1150 829 1260 892 irnperio
1271 827 1318 877 ’ll-

212 914 274 956 aute
286 907 311 954 iu
321 906 426 955 Tiberio
439 906 504 968 ipso,
513 906 581 968 qrrod
594 905 699 967 colliges
711 920 745 953 ex
786 903 862 961 herii,
873 918 962 951 recens
973 904 1149 967 principatum
1166 904 1255 966 adepti
1274 904 1319 953 u-

209 982 272 1031 Tee.
286 983 302 1029 l.
312 984 346 1031 r.‘
360 980 516 1030 Germanico
528 980 626 1029 Caesari
638 995 746 1043 procon-
785 980 835 1029 riae
848 980 972 1041 Artgustae
991 981 1097 1040 artium,
1116 977 1185 1028 forte
1200 979 1278 1027 etiam
1288 984 1319 1027 et

212 1058 297 1107 tulare
341 1056 476 1119 imperium
519 1056 623 1119 petivit,
659 1056 745 1119 (libe-
786 1055 921 1103 veneficio.

196 1130 288 1195 .rius,)
300 1130 423 1196 missique
440 1132 518 1197 legati
530 1132 574 1196 qni
593 1130 746 1196 deferrent,’
818 1131 888 1181 lllnd
910 1132 997 1195 itaque
1017 1130 1123 1180 innovat
1141 1127 1269 1190 liberius,
1287 1133 1319 1177 ut

213 1208 267 1257 dre.
785 1220 843 1254 enm
854 1205 892 1255 sic
901 1205 1073 1265 demereatur,
1087 1210 1132 1253 aut
1141 1203 1270 1253 demereri
1286 1203 1320 1250 sl·

245 1282 322 1333 Unde
349 1280 446 1332 inferre
474 1283 562 1343 liceat,
587 1282 745 1333 Germanico
785 1283 867 1331 molet
888 1281 921 1329 ad
940 1281 1143 1344 tempos,donec
1157 1294 1215 1329 eum
1232 1294 1249 1328 a
1265 1278 1320 1327 sois

213 1364 268 1410 tutu
287 1364 439 1407 renovatum
461 1360 646 1421 proconsulare
666 1359 745 1421 impe·
786 1358 930 1420 legionibus
941 1357 1108 1407 abstraxerit.

212 1433 287 1495 rium,
309 1434 378 1498 quod
398 1447 490 1496 nempe
500 1435 554 1497 jam
566 1440 626 1482 ante
638 1432 746 1483 baberet
819 1434 854 1481 Et
866 1441 938 1482 certe
949 1434 1017 1481 iuter
1028 1446 1124 1481 tumtun
1135 1443 1230 1480 arcana
1238 1427 1319 1477 'libe-

213 1508 260 1559 sub
274 1508 398 1571 Augusto.
786 1508 864 1558 tianae
877 1507 1057 1558 dominationis
1067 1504 1127 1567 tuit,
1139 1512 1165 1553 ut
1178 1504 1264 1553 omnia
1275 1503 1321 1551 be·

247 1584 334 1633 Possit
347 1591 433 1633 tamen
452 1584 576 1647 dubitari,
593 1599 625 1633 au
638 1584 746 1633 Germe·
786 1582 879 1633 noticia
891 1598 939 1645 per
949 1583 1048 1645 priores
1057 1580 1187 1643 principes
1195 1592 1323 1628 coneesaa

213 1658 286 1707 nicus
305 1659 497 1709 auteoaltuerit
518 1661 570 1709 tale
594 1660 746 1723 imperium:
787 1656 1321 1721 irritaforeut,nisiipseconfirmassent-

214 1748 261 1785 eor
280 1734 347 1783 enim
367 1742 471 1799 peteret
487 1736 603 1785 'liberius
623 1750 638 1784 a
655 1744 747 1785 senatu
787 1751 838 1801 que
847 1737 1005 1797 innovasset,
1016 1741 1085 1784 teste
1097 1734 1203 1781 Sueten.
1213 1732 1239 1779 in
1248 1730 1321 1779 mro.

214 1818 370 1874 potestatem
404 1812 470 1859 harre
508 1825 557 1873 pro
585 1810 747 1869 Germanico,
788 1812 820 1860 ld
842 1826 858 1859 a
880 1813 975 1860 Senatu
998 1808 1093 1873 petivit
1108 1808 1239 1865 Tiberius,
1259 1806 1322 1870 qnia

214 1888 353 1951 qnamjum
365 1886 421 1950 ipse
432 1884 558 1935 lraberet?
575 1892 621 1935 aut
640 1885 661 1932 si
678 1884 747 1935 forte
787 1893 843 1936 tum
855 1894 926 1937 metu
945 1886 1044 1948 anxius,
1060 1885 1146 1934 omnia
1163 1897 1210 1946 per
1225 1880 1321 1930 Patres

213 1962 304 2013 lrabuit
330 1964 382 2013 tale
417 1963 560 2027 imperium,
587 1962 746 2013 ordinarium
786 1978 865 2027 agere
885 1962 968 2011 rideri
985 1960 1102 2009 volebat:
1120 1960 1146 2007 id
1165 1956 1323 2021 ergotegati

215 2043 315 2087 tautam
328 2038 386 2087 fuit.
787 2039 909 2088 defernnt
920 2052 965 2087 seu
976 2037 1129 2086 annuntiant
1139 2033 1305 2085 Germanico.

248 2112 285 2165 At
303 2114 351 2162 lroc
371 2114 428 2161 loco
450 2112 548 2173 Taciti,
571 2112 748 2163 extraordiua·
818 2114 912 2177 ltaque
925 2113 1072 2161 innovatum
1083 2110 1264 2173 proconsulare
1273 2107 1323 2157 irn-

215 2187 281 2237 rium
293 2187 371 2237 decus
391 2188 474 2251 petit,
492 2186 618 2251 siquidem
641 2194 748 2250 paratos
788 2189 887 2253 perium
898 2188 926 2236 in
938 2186 1001 2250 ipsis
1010 2185 1154 2235 Caesaribus
1166 2191 1194 2233 et
1204 2182 1264 2233 filiis
1274 2182 1323 2233 do·

215 2268 284 2323 erat,
300 2268 328 2311 et
347 2262 415 2312 idem
427 2262 506 2313 decus
526 2262 625 2311 ambire
636 2262 689 2311 tilio
701 2278 748 2313 sno
788 2264 951 2323 minantium,
969 2261 1097 2325 usquead
1116 2260 1256 2322 Neronem,
1275 2260 1322 2324 qni

215 2338 313 2399 Druso,
326 2344 354 2387 ut
364 2336 430 2386 filios
441 2336 530 2385 ambos
543 2345 693 2401 exaequaret
705 2338 749 2387 lro·
788 2343 943 2401 perpetuom
954 2336 1165 2399 proconsulatum
1176 2335 1266 2385 habuit
1275 2348 1322 2383 ex·

216 2414 332 2463 nonnus.
572 2418 579 2425 '
788 2412 939 2461 traurbem.

249 2490 285 2539 Et
302 2496 357 2538 tum
375 2488 485 2537 maxime
502 2488 631 2538 demereri
648 2504 748 2539 summo
821 2486 981 2550 Posteajam
992 2487 1108 2536 innovari
1120 2488 1173 2537 tale
1184 2486 1323 2549 imperium

216 2566 302 2631 aliquo
322 2563 450 2614 beneficio
462 2564 645 2615 Germanicum
658 2566 750 2627 voluit,
788 2563 855 2611 lrand
872 2579 937 2626 opus
956 2562 1005 2613 fuit
1026 2564 1052 2612 in
1069 2563 1132 2626 ipsis
1149 2564 1209 2611 liliis
1226 2564 1324 2627 princi·

216 2646 308 2705 utpote
329 2656 404 2705 quem
423 2646 560 2700 metueret,
580 2641 653 2688 volut
668 2640 749 2702 impe·
790 2651 862 2700 pum,
874 2643 903 2686 nt
912 2638 956 2702 qni
968 2654 1023 2687 earu
1034 2643 1189 2701 potestatem
1200 2638 1256 2701 J'am
1266 2638 1325 2687 acli-

215 2716 248 2766 rii
268 2718 395 2776 temrrlum,
418 2714 528 2763 noudum
548 2728 651 2762 securus
670 2716 749 2777 legio·
789 2714 953 2775 piscereutur
964 2720 1114 2776 perpetuam
1126 2720 1155 2762 et
1165 2713 1323 2763 illimitaianr

216 2806 277 2841 nuru
290 2790 502 2841 Germanicarum
511 2789 659 2851 etimperii.
789 2790 846 2838 loco
859 2797 903 2838 aut
917 2798 1040 2853 tempore.

250 2866 373 2917 Attamen
385 2864 524 2914 verisimile
546 2870 596 2924 eet,
611 2864 667 2926 jam
687 2872 748 2913 ante
821 2864 898 2915 Quod
911 2865 991 2913 tradit
1002 2866 1164 2928 Capitolinus
1177 2866 1210 2915 de
1220 2865 1260 2914 M.
1269 2863 1325 2915 An·

217 2943 265 2996 sub
288 2940 404 3003 Augusto
427 2938 608 2989 Germanicum
632 2939 750 2990 ltabuisse
788 2940 853 2988 relio
872 2941 939 2990 Cas.
960 2956 1018 3005 cap.
1031 2946 1071 2991 16.
1083 2944 1091 2969 ‘
1103 2940 1259 2990 Tribunicio
1277 2955 1324 3003 po·

217 3016 424 3079 proconsulatum
450 3013 692 3075 extraordinarium,
719 3024 750 3063 ut
789 3020 885 3063 tentate
906 3016 1015 3065 doristus
1035 3024 1086 3079 eet,
1108 3023 1187 3081 atque
1212 3017 1324 3081 imperio

217 3090 261 3154 qui
273 3090 374 3153 utrique
386 3089 534 3139 Germaniae
554 3096 581 3137 ct
601 3088 701 3139 duobus
713 3090 749 3139 ibi
789 3095 866 3159 extra
877 3092 965 3139 urbem
978 3095 1169 3154 proconsulari!

217 3166 375 3214 exercitibus
387 3172 414 3214 et
425 3166 509 3225 sociis,
521 3166 566 3229 qui
578 3165 633 3229 pari
643 3180 749 3216 numero
822 3166 879 3214 Nee
892 3165 989 3216 frustra
1001 3169 1073 3217 addit
1085 3180 1178 3219 auctor
1188 3170 1242 3231 ille,
1252 3176 1323 3221 atra

218 3254 248 3291 ec
261 3243 363 3303 robore,
375 3243 538 3306 praesideret.
788 3240 878 3303 ariera,
889 3248 918 3289 ut
930 3243 985 3290 vult
995 3242 1133 3293 Salmasius
1144 3245 1193 3293 lroc
1204 3246 1261 3293 loco
1272 3244 1326 3293 lris·

250 3318 285 3366 Et
296 3334 347 3381 qua
358 3320 525 3379 auctoritate,
537 3334 587 3381 quo
604 3318 666 3382 jure
682 3318 749 3368 Ger·
790 3317 863 3365 toriae
881 3318 1019 3380 Auguste:
1038 3319 1074 3366 illi
1092 3318 1190 3369 frustra
1205 3320 1323 3369 additum

216 3392 332 3441 monicus
350 3408 440 3461 census
457 3401 545 3456 ageret
560 3394 627 3457 apud
641 3394 749 3458 Gallias,
789 3394 837 3441 lroc
857 3394 967 3454 videtur,
985 3396 1045 3457 quia
1066 3396 1163 3444 nullom
1186 3396 1324 3459 imperium

218 3468 287 3533 quod
307 3467 399 3517 fecisse
419 3470 606 3531 patetexTec.
626 3470 673 3517 niel
692 3485 750 3533 pro·
789 3471 973 3532 proconsulare
994 3471 1063 3519 iutra
1082 3471 1182 3531 urbem,
1203 3478 1232 3519 et
1262 3470 1326 3535 quia

217 3545 357 3594 consularis
386 3544 453 3592 illius
481 3553 596 3607 potestas
627 3547 750 3595 extende·
789 3554 874 3595 cessat
885 3547 965 3594 omnis
976 3553 1092 3610 potestas
1102 3546 1270 3609 proconsulis,
1278 3544 1324 3611 qni

217 3628 290 3671 retur
302 3622 369 3669 ultra
379 3619 444 3669 fines
457 3621 590 3685 utriusque
603 3622 749 3671 Germaniae
790 3624 881 3668 nrlrem
894 3622 1038 3671 intraverit.

217 3694 365 3757 Provinciae
387 3698 456 3744 rua?
490 3696 539 3746 Dio
559 3698 576 3745 l.
599 3710 655 3747 avr.
671 3699 702 3748 A.
715 3698 749 3749 U.
825 3696 947 3745 Attamen
959 3711 1009 3745 uon
1020 3694 1118 3744 frustra
1128 3694 1152 3743 id
1165 3695 1325 3760 additCnpi·

216 3774 274 3821 tot.
303 3774 311 3798 ‘
323 3770 443 3819 'liberius
466 3779 492 3819 et
514 3771 684 3821 Germanicus
707 3776 748 3821 coi
791 3770 1325 3833 tolinus,utneque'l'acituslrocloco,de

217 3847 399 3909 proconsulare
411 3845 546 3908 imperium
563 3854 627 3909 erat,
640 3848 664 3895 iu
683 3848 749 3897 Ger·
792 3846 905 3895 Nerone.
940 3847 1007 3894 Nam
1030 3848 1067 3895 sic
1090 3846 1258 3910 distinguitur
1279 3848 1326 3898 ille

218 3921 330 3969 maniam
342 3921 490 3982 irruperunt
499 3922 515 3980 ς’
532 3930 559 3969 et
571 3924 685 3984 quantivis
698 3924 750 3971 Dio
792 3922 987 3983 proconsulatus
1011 3922 1047 3969 ul.
1061 3922 1158 3970 Aurelii
1169 3922 1254 3971 adhoc
1267 3923 1327 3973 ee·

217 4008 268 4043 nou
288 3998 412 4059 explicet,
431 3997 591 4045 verisimilius
610 4006 650 4045 est
663 3996 750 4048 >inisse
791 3996 889 4057 saris,a
901 4001 1085 4059 proconsulatu
1097 3998 1178 4059 ipsius
1190 3998 1327 4063 principis,

218 4071 453 4122 extraordinarium
464 4072 528 4121 illud
540 4072 687 4137 imperium.
792 4072 837 4137 qni
847 4073 1081 4123 extraordinarium
1101 4072 1165 4123 illnd
1184 4072 1325 4139 imperinm
