2917 4734
223 263 310 332 labe
567 281 601 330 u.
626 279 808 330 coannnrr
831 281 961 330 racrrr
1163 255 1326 352 [numa

722 473 830 526 NOTAE

257 570 383 622 Attamen
400 576 518 624 anctore·
533 587 591 623 cum
601 574 709 624 madunt
719 572 753 622 de
795 577 849 634 ant,
861 571 933 636 quaal
950 569 1049 636 generi,
1060 569 1174 634 lmignitl
1188 569 1328 634 precipui·

222 645 312 696 liberie
330 647 484 711 principum,
494 663 540 700 eoa
559 660 695 698 recensere
713 663 754 698 ao-
794 648 931 698 honoribus
939 647 987 698 unb
996 646 1125 710 Angusto,
1133 651 1162 694 nt
1173 646 1251 696 tantia
1260 661 1327 709 nup-

222 720 381 771 lentordine
399 723 493 784 relatis,
509 738 555 772 reu
571 723 707 787 geniturae,
725 732 754 774 et
795 723 838 775 tila
856 724 926 788 digni
947 723 1106 786 viderentur,
1118 729 1163 774 aut
1174 729 1248 772 certe
1268 722 1327 772 tali·

223 796 404 859 prouarcendi
420 797 519 849 ordine.
546 799 590 847 Sic
605 799 754 862 Suetoniur,
795 799 842 849 bua
864 800 970 862 nuptia,
993 800 1102 850 bonorea
1131 806 1160 850 et
1181 797 1328 861 dignitates

223 883 283 923 curn
296 873 350 935 agit
361 873 394 922 de
404 874 492 924 liberie
507 872 629 938 Augnati,
645 882 673 924 ct
690 875 753 925 alin-
793 875 1011 940 adipiscebantur.

222 965 280 1003 rum
291 951 431 1001 Cauarum.
462 952 507 1003 Sic
518 960 547 1002 et
561 953 716 1004 Plutarchus
726 955 753 1002 iu
826 954 940 1003 Antonia
950 953 1072 1016 Domitii,
1081 959 1110 1003 nt
1120 967 1178 1017 quae
1189 953 1216 1002 in
1227 951 1330 1016 imbi-

222 1040 253 1077 re
267 1035 366 1091 anatra,
381 1043 441 1078 cnm
459 1037 579 1078 recenaet
598 1029 694 1079 liberos
713 1031 753 1080 Μ.
792 1029 885 1079 liorem
907 1030 1012 1079 domum
1029 1029 1202 1092 denupairaet,
1217 1031 1259 1078 vel
1277 1027 1329 1079 alia

223 1101 332 1153 Antonii
352 1117 385 1152 ex
408 1102 520 1153 Octavia
538 1118 626 1153 aomrc
644 1104 754 1167 Angnati
794 1117 880 1166 canna,
891 1103 1062 1166 obacuraeat,
1073 1106 1199 1168 etlgnota
1210 1105 1236 1153 iu
1247 1105 1328 1156 laiato·

222 1185 365 1242 raaceptoa‚
383 1178 455 1241 priua
475 1185 594 1229 recenset
614 1176 754 1229 Antoniam
795 1180 835 1230 ria
852 1181 927 1230 Rom.
946 1181 968 1229 ai
987 1181 1178 1230 matrimonium
1190 1181 1245 1242 ejua
1257 1180 1331 1230 exci-

223 1253 344 1316 Domitil,
358 1259 388 1303 ut
406 1255 491 1319 prirao
509 1256 567 1305 loco
586 1262 683 1318 naum,
693 1255 754 1304 dein
794 1255 860 1320 piar.
892 1254 930 1305 At
952 1254 985 1304 de
1004 1254 1119 1305 Antonia
1141 1254 1231 1316 Drnai,
1245 1256 1329 1306 multa

222 1329 363 1380 Antoniam
374 1332 465 1382 Drusi.
794 1331 1054 1394 egmglepradtcme
1068 1329 1330 1396 anetorea,furmam,

235 1406 356 1456 ·Plutar.
374 1407 400 1456 in
413 1406 541 1458 Antonio:
560 1409 647 1458 ‘Dura
666 1423 755 1474 anper·
795 1413 823 1456 et
845 1405 998 1471 pudicitiam
1015 1406 1146 1468 eximiam,
1164 1420 1277 1455 amorem
1299 1407 1328 1456 in

220 1489 297 1532 erant
318 1483 427 1532 Antonii
454 1490 482 1533 et
507 1482 626 1533 Octaviae
658 1485 754 1534 sororia
794 1483 915 1531 maritum
936 1482 1099 1546 singularem,
1118 1479 1328 1546 uiduitatemque

223 1556 335 1620 Augusti
342 1557 420 1607 tiliae:
437 1559 527 1607 barum
539 1558 648 1608 alteram
665 1559 754 1608 Domi·
793 1558 953 1606 canctiarime
964 1563 1049 1606 actam
1066 1557 1092 1606 in
1109 1556 1167 1606 rina
1180 1557 1260 1606 livia
1273 1557 1329 1608 Aa·

221 1633 275 1683 tina
293 1631 466 1697 AEnobarbua,
488 1635 606 1692 alteram,
627 1634 755 1698 pudicitia
795 1641 894 1696 gustum
912 1640 942 1684 ut
959 1649 1017 1699 quae
1037 1639 1167 1698 perpetuo
1185 1633 1283 1685 vixerit
1299 1635 1329 1684 in

221 1715 249 1760 et
260 1709 342 1760 forma
353 1711 489 1774 inriguem,
497 1708 644 1774 Antoniam,
654 1711 755 1760 limana
795 1709 864 1772 arria,
874 1710 993 1760 omnibus
1005 1710 1104 1761 artibus
1115 1709 1265 1774 etiiagitiir
1283 1725 1328 1762 aa·

221 1785 305 1836 Liviae
313 1783 382 1835 tilina
393 1786 506 1836 &aaut
517 1787 650 1850 privignus
659 1785 755 1837 duxit!
796 1785 851 1834 licia
862 1792 974 1836 exemta.

236 1862 290 1911 nt
305 1862 348 1911 bie
365 1876 420 1911 moa
436 1869 569 1912 anctomm
584 1869 682 1924 certor,
697 1875 756 1926 per·
826 1861 861 1910 Et
881 1868 954 1910 certe
970 1863 1026 1912 baec
1047 1863 1105 1925 ipra
1123 1867 1174 1920 eat,
1186 1861 1208 1910 ri
1218 1861 1328 1912 virtuter

221 1942 316 2001 petona
327 1943 354 1986 et
370 1938 601 2000 coaetantlaeimur,
611 1944 641 1986 nt
658 1951 753 2000 nempe
793 1935 851 1988 itta
862 1951 878 1986 e
894 1937 1004 2002 vertigio
1015 1938 1154 2002 sequimur,
1164 1953 1223 2002 qum
1234 1937 1328 1988 Sueto·

221 2011 338 2061 ordinem
348 2018 448 2061 natura
459 2019 488 2061 et
498 2011 584 2061 actalia
602 2013 755 2062 aemulentur
794 2012 837 2062 nio
859 2012 958 2064 diserte
977 2020 1086 2064 vocatur
1107 2013 1213 2064 Aaloeiu
1233 2011 1328 2070 more

221 2087 249 2136 ia
259 2087 377 2150 historia,
388 2094 418 2136 ut
427 2087 464 2136 alc
475 2100 517 2135 rea
530 2095 604 2136 recte
618 2095 647 2137 et
663 2087 753 2138 ordine
794 2097 823 2138 et
842 2103 912 2156 qua»,
928 2089 1043 2139 necundo
1061 2091 1130 2150 loco,
1144 2094 1328 2139 memoratura

221 2168 392 2227 exequantur.
794 2164 944 2228 Plutarcho,
954 2165 1118 2228 hauddubie,
1128 2163 1259 2227 utjunior.

253 2237 290 2286 Et
300 2239 372 2285 certa
381 2238 520 2286 aarum
527 2238 617 2300 etna,
631 2247 661 2288 ut
671 2237 754 2304 loqui·
826 2238 864 2291 At
884 2240 1028 2304 refragatur
1046 2241 1173 2301 Tacitua3
1190 2241 1241 2290 boc
1254 2239 1330 2290 uida·

220 2317 265 2360 tnr
274 2311 393 2372 Tacitus,
404 2311 484 2362 decue
491 2313 620 2378 quoddam
630 2315 754 2366 eximium
795 2321 846 2380 tnr,
858 2317 904 2366 aad
915 2318 1032 2382 quamria
1042 2317 1070 2366 id
1079 2323 1217 2368 coartaret
1225 2323 1329 2380 aperte,

218 2387 315 2449 babet3
332 2395 361 2438 et
376 2388 447 2454 apud
466 2390 609 2454 principer,
621 2405 654 2439 ea
663 2405 753 2457 cauea,
794 2407 867 2455 aeque
878 2393 995 2444 Herculeo
1004 2399 1087 2444 coam
1097 2396 1164 2445 dana

219 2462 331 2515 fflioaara
351 2465 541 2515 retuatiaainrua
560 2481 665 2531 regnum
684 2468 752 2518 obti-
827 2471 853 2520 Ir
861 2485 934 2520 error
945 2471 1030 2535 potnit
1042 2471 1104 2521 oriri
1116 2485 1149 2520 ex
1161 2469 1327 2535 compendia·

219 2547 277 2604 nat,
296 2547 324 2593 et
342 2541 462 2591 obtinere
478 2541 573 2603 debet;
590 2557 673 2608 nuque
684 2543 751 2593 adeo
794 2545 832 2594 rio
843 2545 973 2596 acribendi
983 2545 1067 2597 modo.
1091 2547 1143 2596 Sed
1153 2546 1326 2596 dnobnalocia

220 2633 271 2670 nun
292 2620 357 2670 levia
376 2622 500 2671 momenti
521 2619 573 2670 fuit
595 2621 751 2685 auctoribus,
793 2621 871 2671 habet
882 2622 950 2672 idem
961 2623 1073 2673 heims.
1100 2622 1197 2671 Verum
1208 2629 1257 2670 eut.
1272 2619 1327 2671 Sed

219 2695 337 2746 ordinem
353 2704 452 2746 natnrre
463 2701 491 2746 et
502 2697 589 2746 atatis
608 2711 623 2746 e
640 2697 751 2763 vertigio
792 2699 931 2763 utrobique
953 2699 1021 2749 idem
1042 2713 1125 2760 error,
1136 2703 1164 2747 et
1182 2713 1216 2747 ex
1233 2697 1327 2747 eadem

218 2773 348 2836 persequi.
793 2773 1150 2841 muaafuit3quiauteodcrn
1159 2773 1327 2837 modoacrip-

252 2848 329 2898 Unde
345 2848 490 2898 certiaaimc
506 2849 628 2912 colligere
644 2850 709 2900 licet
718 2865 753 2901 cx
793 2857 848 2902 tum
860 2853 1007 2917 utrobique,
1018 2854 1056 2902 lta
1066 2851 1158 2915 etpari
1168 2849 1246 2900 modo
1261 2848 1327 2899 duo·

219 2923 370 2987 Plutarcho,
389 2925 521 2974 Antonium
540 2925 646 2976 Domitd
674 2933 752 2978 atate
793 2926 841 2976 bna
854 2927 911 2978 latia
922 2928 987 2978 iouia
997 2941 1134 2993 perperam
1151 2927 1248 2976 lectum
1268 2931 1328 2986 aat3

217 3000 330 3062 arm‘orera
340 2999 430 3064 sulam,
441 3007 469 3050 et
479 3009 668 3066 consequenter
676 3004 753 3053 Anto-
793 3004 953 3069 opponitqne
970 3019 999 3053 ae
1015 3003 1071 3068 pari
1084 3003 1109 3052 ri
1121 3001 1270 3062 scaloniae,
1282 2999 1327 3065 qni
1399 3053 1410 3073 ..

217 3079 406 3129 atumem
416 3077 611 3130 lubaeuxorem
622 3081 710 3130 llruai.
793 3079 893 3130 druobua
909 3079 974 3128 locla
992 3078 1110 3142 appellat
1132 3078 1264 3128 Aatcaiaar
1280 3075 1328 3125 rai·

252 3154 389 3205 Praeterea
415 3156 563 3219 provectior
594 3163 673 3206 aetate
700 3155 752 3207 fult
791 3173 872 3207 aurea
884 3157 1024 3206 Antoniam
1035 3157 1126 3205 Drnai.

218 3229 358 3294 Domitiae,
367 3238 395 3282 et
403 3233 473 3296 priua
482 3232 515 3281 ad
522 3233 684 3283 consulatum
693 3240 751 3283 tolo
824 3233 860 3282 Et
878 3233 989 3296 lripuinu,
1008 3233 1050 3296 qni
1068 3233 1185 3282 Tacitum
1196 3230 1327 3280 etSueto·

217 3308 354 3370 reptenuio
372 3315 479 3358 erector
501 3316 568 3367 crat,
588 3323 664 3374 quam
683 3311 753 3360 Dru·
792 3310 863 3359 nium
874 3309 982 3374 perinde
999 3307 1137 3367 intellexit,
1148 3305 1269 3371 (audeam
1287 3305 1327 3354 di·

218 3397 279 3443 επις
307 3383 370 3433 licet
392 3385 505 3448 privigni
528 3385 649 3449 Augusti,
681 3387 751 3436 inter
791 3399 852 3435 cere
872 3399 926 3450 prae
946 3383 1041 3434 ceteris
1059 3383 1121 3432 viria
1140 3381 1253 3430 literatia
1270 3393 1326 3430 anae

217 3473 282 3524 quoa
299 3461 406 3524 Drusus,
423 3461 537 3525 Reipnb.
559 3465 685 3526 promtius
706 3466 751 3515 ad·
791 3469 940 3526 nostraeque
956 3458 1062 3524 celatia)
1075 3473 1124 3508 noa
1142 3456 1275 3506 dubitauit
1291 3455 1326 3506 de

217 3543 400 3601 moverentur5
432 3545 461 3588 et
488 3541 621 3603 praecipue
650 3541 751 3592 llruam
792 3534 1327 3599 errorc'l'ac.lnbacmaterlnrrndecum·

217 3611 331 3676 iate,qui
351 3628 437 3664 amore
457 3614 535 3664 Liviae
554 3615 679 3680 Anguata·
691 3616 751 3666 rub·
790 3629 841 3679 quc
860 3615 963 3665 venerit
981 3629 1070 3664 error:
1088 3627 1138 3663 nec
1149 3626 1251 3661 manum
1270 3625 1327 3660 ιιιι-

216 3688 302 3749 nixua,
323 3695 351 3738 ct
371 3690 397 3737 in
420 3691 505 3753 gratia
526 3689 645 3756 flagranti
672 3693 751 3757 ipriua
790 3691 891 3755 pendit,
912 3691 963 3740 nisi
985 3691 1046 3755 qula
1063 3695 1166 3739 textum
1184 3685 1271 3736 'l'aciti
1288 3685 1328 3735 in-

217 3762 335 3828 Aognati.
358 3764 451 3829 Itaque
462 3766 602 3816 Antoniam
613 3767 750 3830 majorem,
789 3767 913 3816 violatum
924 3767 1016 3828 voluit,
1025 3771 1149 3830 quantum
1161 3765 1187 3813 in
1197 3766 1251 3827 ipro
1262 3759 1326 3812 l’uit.

216 3847 248 3889 nt
259 3841 346 3889 renior
363 3842 451 3890 Denuo
463 3857 494 3892 ac
510 3843 595 3907 major
614 3852 687 3904 natu,
703 3843 750 3892 du·
823 3843 902 3893 Certe
912 3843 1021 3907 opponit
1039 3843 1085 3891 illc
1097 3841 1227 3906 duplicem
1237 3839 1326 3888 locum

217 3929 278 3966 cere
290 3930 397 3964 uxorem
409 3917 500 3966 debuit
510 3917 652 3968 Domitius.
789 3919 876 3968 Taciti
886 3919 985 3982 duplici
996 3919 1054 3966 loco
1066 3915 1182 3965 Suetonii
1192 3930 1199 3963 ι
1217 3920 1244 3963 et
1261 3913 1326 3963 lieet

248 3991 357 4054 Nuptiae
369 3991 420 4040 illae
432 3990 592 4042 foeminarum
606 3994 750 4057 principum
790 3994 914 4044 arbitrum
931 3994 1000 4042 inter
1023 3999 1108 4041 tautor
1129 3997 1251 4039 auctores
1266 4001 1326 4038 aeae

218 4063 274 4114 fere
290 4073 433 4130 aequantur
452 4069 485 4118 ad
504 4068 616 4132 insignia
625 4069 751 4120 bonorum
789 4067 858 4118 ferre
870 4069 991 4130 uoluerit,
1009 4068 1078 4117 aerio
1094 4071 1183 4115 tamen
1202 4063 1326 4126 credidit,

112 4132 114 4137 ’
218 4147 247 4192 et
268 4144 482 4210 magiatrutaunr3
509 4154 539 4198 et
559 4147 626 4198 talea
651 4149 751 4214 moeri,
789 4140 1326 4205 reconvicmrfutularortmnmtvere
