2917 4734
245 311 332 378 lstt
579 326 611 376 c.
633 325 813 376 coansnn
837 323 965 374 rscrrr
1180 329 1342 396 [aum.

245 469 431 552 corripitur,
443 465 699 552 refovendisque
711 467 841 558 viribus
853 467 992 530 mollitie
1006 463 1085 532 coeli
1099 470 1133 532 et
1147 467 1342 536 salubritate

244 589 419 654 aquarum,
448 568 641 633 Sinuessam
673 568 803 651 pergit.¹
857 567 945 631 Τυω
971 565 1170 652 Agrippina,
1194 570 1344 640 sceleris¹

241 751 372 816 sesama,
384 757 411 802 at
421 754 565 802 iartaawet
575 751 638 802 sires
648 751 700 800 celi
710 751 843 810 rumh,
854 755 878 799 et
886 763 999 814 apem
1008 747 1155 799 salubritate.
1178 745 1238 798 rsa
1246 745 1339 812 Agrip-

574 1016 658 1066 alta.
678 1015 734 1067 Jsa.
754 1015 874 1064 sulm.
907 1012 1021 1063 Brotier.

743 1159 849 1212 Nom

246 1275 298 1326 aius
318 1276 434 1326 crimine.
813 1281 864 1336 rat,
875 1273 955 1326 fatale
967 1271 1027 1333 ribi,
1044 1276 1074 1322 ut
1090 1271 1230 1336 conjugum
1245 1266 1348 1332 Meta

277 1351 502 1418 Praetereamus
524 1353 629 1405 rnorbus
648 1354 773 1419 principis
813 1350 902 1410 ferret,
916 1347 977 1398 dein
996 1349 1110 1412 puniret,
1127 1353 1255 1410 metuens,
1266 1359 1345 1410 agere

245 1431 346 1480 occasio
357 1429 408 1480 init
418 1433 499 1494 osagis
515 1441 662 1496 opportuna
672 1447 774 1482 veneno
813 1435 840 1477 et
851 1429 966 1478 celerare
978 1425 1079 1488 statuit,
1091 1423 1193 1488 perdita
1206 1424 1278 1488 prins
1290 1423 1344 1474 Do·

244 1505 346 1555 dando?
362 1507 439 1554 immo
461 1515 515 1556 tum
536 1507 622 1556 aerius
641 1507 774 1571 invigilare
815 1503 966 1566 sutriassec.

245 1581 334 1632 liberti
356 1590 384 1631 et
402 1583 510 1631 ministri
527 1583 674 1632 debuerant
695 1584 773 1632 saluti
846 1585 946 1646 Etcap.
958 1583 1014 1632 65!
1027 1581 1070 1632 Ob
1080 1581 1136 1630 lraec
1148 1593 1215 1628 mors
1227 1574 1344 1639 indicta,'

244 1657 381 1720 principis,
388 1673 447 1706 erran
455 1666 618 1721 egreaceret.
651 1659 707 1708 Nec
718 1673 774 1708 cer·
812 1653 1098 1720 (Domitie,)‘maltunr
1110 1653 1266 1702 adversante
1276 1651 1346 1700 Nat·

245 1739 273 1779 te
290 1731 428 1782 Narcissus
443 1741 614 1796 egrotantem
630 1735 773 1797 principem
813 1733 887 1795 cisso,
905 1733 949 1795 qui
967 1731 1136 1794 Agrippinam
1150 1729 1232 1791 magis
1248 1726 1342 1791 magis-

244 1819 318 1855 triam
330 1807 479 1870 desereret,
492 1809 568 1859 imino
580 1816 633 1860 tuns
644 1811 730 1859 aerius
738 1811 775 1858 in·
814 1825 863 1874 que
875 1808 1045 1874 suspectans:
1057 1811 1103 1858 dte.

246 1882 399 1946 vigilaasset.
847 1885 915 1934 ilinc
935 1887 1051 1949 colliges,
1061 1881 1229 1947 Agrippinam
1250 1893 1346 1944 prope·

276 1959 370 2010 Potius
392 1959 494 2011 facinus
513 1968 624 2024 occupat
649 1961 775 2010 occasionis
814 1977 884 2012 rasse
900 1961 1039 2023 scelus,ob
1058 1975 1135 2008 soceris
1150 1959 1219 2007 iiiam
1232 1955 1348 2006 clouds:

234 2035 330 2109 'oblate
345 2053 447 2100 propera
458 2039 611 2102 Agrippina,
627 2038 688 2101 quia
703 2053 773 2100 aeger
813 2039 918 2098 colliges
936 2039 1100 2088 adversatum
1122 2033 1200 2083 fotos
1218 2034 1348 2096 impoten-

245 2111 393 2172 Narcissus,
409 2122 435 2162 et
453 2113 511 2177 qnia
526 2115 546 2161 is
559 2114 650 2162 aberat
661 2114 725 2161 urbe
746 2120 775 2162 et
814 2114 858 2162 tiss
879 2122 906 2162 et
926 2113 1085 2162 facinoribus
1102 2111 1169 2160 illins
1185 2110 1347 2171 Narcissum,

245 2186 366 2249 aulaqui
382 2189 466 2236 acrius
483 2189 627 2252 principem
646 2189 774 2238 custodie·
814 2197 841 2240 et
853 2191 948 2239 acriter
965 2189 1124 2252 invigilasse,
1137 2197 1191 2236 tuns
1207 2199 1272 2248 autc,
1288 2191 1345 2234 tnta

246 2259 454 2322 bat,etinsidias
465 2263 702 2312 mulierisnrasinre
718 2279 774 2313 sus·
813 2266 892 2314 salrrti
915 2265 1048 2330 principis,
1069 2279 1101 2326 ne
1124 2262 1187 2327 quid
1209 2261 1346 2310 moliretur

235 2335 379 2409 pensabat.
814 2338 1008 2402 ioeurins,atrox
1020 2355 1121 2401 semper
1133 2347 1161 2388 et
1170 2338 1281 2402 suisset
1288 2338 1346 2402 jam

276 2414 411 2462 Proterea
428 2429 460 2462 ea
472 2414 510 2463 iris
530 2415 616 2464 verbis
627 2417 689 2465 Tac.
712 2419 776 2479 qaod
815 2421 936 2478 suspecta
948 2417 1027 2478 magis
1042 2415 1182 2478 magisque.
1275 2439 1278 2442 ·

244 2487 351 2537 tardaret
368 2496 469 2539 raealcrrs
487 2496 511 2539 st
526 2497 623 2540 raortera
646 2491 775 2556 differat,-
847 2493 882 2540 Et
904 2507 937 2540 ex
953 2492 992 2540 iris
1015 2489 1090 2541 facile
1111 2490 1230 2552 colliges,
1253 2502 1348 2552 prope-

193 2566 196 2571 “
244 2573 328 2628 patet,
341 2581 391 2614 non
403 2573 542 2628 aegrotasse
555 2567 700 2617 Claudiurn.
720 2569 773 2620 Qui
815 2583 884 2616 rasse
901 2568 981 2630 ipsam
999 2567 1093 2628 scelus,
1105 2575 1132 2616 et
1149 2565 1250 2629 cepisse
1268 2578 1347 2614 oeca-

244 2640 311 2688 enim
323 2648 442 2706 speraret
452 2641 608 2706 Agrippina,
619 2651 727 2692 mortem
746 2659 774 2693 se
814 2645 910 2694 sionem
922 2644 1064 2708 peragendi
1078 2641 1206 2702 veneficii,
1216 2655 1267 2690 nott
1286 2641 1345 2706 quia

244 2713 350 2764 differre
373 2717 477 2778 potione
495 2717 539 2766 illa
561 2732 637 2779 posse
667 2719 774 2767 hominis
814 2725 965 2783 egrotasset
988 2719 1123 2778 Claudius,
1142 2718 1184 2784 qui
1203 2715 1287 2768 tacitis
1309 2717 1348 2770 ia·

244 2791 407 2854 egrotantis,
425 2799 453 2840 et
474 2789 542 2840 t‘orte
563 2793 652 2842 morbo
670 2794 773 2844 letifero
813 2795 894 2855 sidiis,
907 2794 951 2844 sed
965 2795 1025 2858 quis
1041 2802 1124 2842 ructus
1137 2808 1170 2841 ea
1188 2791 1309 2854 Claudio,
1319 2797 1348 2844 et

245 2867 364 2916 detenti?
815 2873 875 2936 qnia
887 2871 1024 2922 Narcissus
1037 2870 1145 2933 pedibus
1157 2882 1226 2932 aeger
1243 2866 1347 2916 delatus

276 2939 393 2990 Advorte
410 2943 497 3003 etiarn,
512 2943 539 2992 in
558 2950 617 2994 tota
635 2945 679 2992 ills
696 2961 773 2997 scens
812 2949 970 3008 Sinuessam,
992 2949 1050 2996 aule
1071 2953 1125 2996 tum
1145 2945 1264 3006 abessen
1294 2957 1346 3008 qno

244 3015 470 3075 criminis,nullaru
478 3017 532 3066 lieri
541 3019 694 3068 mentionem
705 3037 773 3070 mor·
814 3030 942 3086 proruente
953 3031 981 3072 et
993 3019 1249 3085 vultusuultus
1260 3017 1348 3072 moliri

244 3091 271 3142 lri
283 3092 402 3143 Claudii:
420 3094 497 3144 inimo
509 3095 578 3144 clare
597 3105 679 3158 patet,
689 3098 772 3159 ipsum
813 3100 939 3163 potuisset
948 3099 1096 3162 Agrippina.

242 3169 330 3220 solitas
338 3171 773 3236 epuluscelebrasse,quibuscilraar
845 3176 930 3224 Etiam
948 3175 1055 3238 resistit,
1066 3175 1136 3238 qnod
1156 3173 1225 3224 infra
1245 3171 1346 3223 lrabes:

243 3245 315 3294 illurn
325 3245 484 3295 delectabilem
495 3247 639 3296 boletorum
650 3247 713 3310 edit,
719 3253 771 3310 post
811 3253 819 3278 ⁴
832 3252 995 3316 Exquisiturn
1013 3250 1108 3316 aliquid
1126 3250 1256 3314 placebat,
1268 3247 1347 3312 'quod

243 3334 310 3384 tum
321 3323 380 3394 nihil
390 3322 557 3384 amplisttdt'l·
812 3327 931 3376 turbaret
949 3334 1072 3386 urentem,
1083 3335 1111 3376 ot
1127 3335 1238 3376 mortens
1256 3322 1348 3379 differ·

276 3396 311 3443 Et
327 3395 359 3442 ad
377 3395 437 3458 quid
449 3398 525 3444 wlalo
539 3399 605 3446 olm
620 3398 773 3458 retorsisset,
814 3403 872 3452 ret.'
906 3403 942 3455 At
960 3417 1005 3456 cur
1024 3402 1176 3468 agrotantis
1196 3399 1350 3450 etsdversa

242 3470 264 3520 si
276 3470 379 3518 aliunde
391 3472 479 3520 morbo
491 3471 619 3521 laboraret
630 3473 771 3524 Claudius?
801 3479 960 3530 avaletudine
975 3481 1043 3529 ultro
1054 3479 1167 3542 correpti
1177 3483 1286 3528 mortem
1297 3473 1350 3528 dif-

243 3548 371 3612 sequare
388 3549 658 3614 exterritodgrippino,
674 3551 770 3600 carnin
812 3545 1008 3617 ferreti'qnod
1038 3555 1092 3616 ipso
1120 3554 1175 3604 lato
1197 3552 1294 3602 accersi
1319 3557 1350 3602 et

242 3623 270 3672 in
282 3625 395 3672 morbum
414 3625 603 3686 precedentem
621 3641 698 3675 cansa
712 3628 771 3680 talis
812 3627 1019 3693 festinari,quod
1033 3629 1079 3679 soli
1091 3628 1147 3679 l'ato
1159 3628 1236 3676 tribui
1250 3625 1349 3692 potnit.

242 3707 423 3763 symptomatrs
434 3701 537 3750 reiirndi
549 3704 656 3766 posset?
823 3765 826 3772 1
844 3709 854 3738 ¹
869 3705 1005 3756 Sinuessam
1012 3703 1107 3768 pergil]
1127 3705 1153 3751 Si
1165 3701 1289 3752 Claudius
1301 3699 1349 3749 ad·

279 3775 417 3825 Vostrum
424 3779 532 3840 adrern]
553 3781 652 3842 Repete
665 3795 722 3844 quse
734 3795 773 3828 su·
815 3795 890 3832 versa
912 3779 1059 3830 valetudine
1083 3779 1230 3842 corripitur,
1247 3791 1296 3825 eur
1312 3776 1350 3828 Α·

243 3854 490 3918 pralrnirenturcap.
502 3859 552 3915 ets
569 3857 611 3904 obi
623 3864 681 3918 post
693 3858 774 3906 mults
814 3857 936 3922 grippina
954 3853 1094 3918 delegisset
1111 3867 1236 3901 venenuo·
1249 3853 1350 3908 lentata

240 3929 722 3994 prodigianarrata,quu,rraetutioaerrr
736 3949 772 3984 re·
814 3939 841 3978 et
862 3929 994 3980 tabidum?
1012 3931 1097 3992 potins
1121 3934 1229 3976 mortem
1253 3941 1350 3994 appro-

242 4019 295 4052 rara
312 4006 337 4053 irr
354 4008 457 4054 deterius
473 4004 669 4069 portenderent,
681 4007 771 4056 addit:
814 4010 938 4070 perasset,
949 4013 994 4054 aut
1003 4013 1169 4072 expectasset
1178 4018 1210 4050 ea
1223 4003 1324 4056 asorbo.

242 4079 313 4128 ‘Sed
325 4082 350 4128 in
369 4082 500 4146 precipuo
512 4081 774 4146 pavoredgrippina,
846 4081 936 4132 Potius
945 4089 996 4144 est,
1006 4090 1036 4130 ut
1047 4079 1181 4130 Narcissus
1191 4077 1219 4127 in
1230 4078 1350 4130 numia

244 4168 335 4205 vocem
341 4155 525 4222 Claudiiqoam
535 4157 691 4206 temulentus
698 4155 773 4221 jece-
811 4157 933 4209 inciderit
942 4158 1124 4208 erstnuenarn
1134 4154 1229 4215 lserlt3
1243 4167 1295 4222 qna
1305 4167 1353 4205 oc·
