2917 4734
213 319 302 386 lint
572 337 604 385 o.
628 335 810 386 conuenit
833 337 958 386 rtcr‘rs
1157 342 1324 409 [auore.

215 480 307 544 dorni
321 479 478 562 lascivia3
500 500 568 565 qua
584 481 676 546 Nero
691 482 808 547 itinera
820 483 913 546 urbis
928 487 962 547 et
975 482 1152 566 lupanaria
1164 489 1199 548 et
1210 483 1324 549 direr-

216 583 329 662 ticula,
353 587 449 646 reste
479 584 592 648 servili
618 583 652 646 in
680 583 980 649 dissimulationem
1006 585 1060 650 sui
1085 583 1324 670 compositus?

216 684 416 767 pererrabat,
432 686 683 763 comitantibus,
698 687 758 770 qui
773 691 927 769 raperent
941 685 1136 752 venditioni²
1152 689 1324 770 exposita,

218 789 252 848 ot
274 785 385 849 obviis
397 787 536 851 vulnera
557 787 723 865 inferrent,
739 789 896 852 advorsus
919 789 1050 872 ignarus
1075 788 1171 866 adeo,
1186 795 1222 854 ut
1246 789 1326 872 ipse

218 906 351 970 quoque
373 890 552 972 euciper‘et¹
578 890 679 969 ictus,
700 897 734 955 et
757 897 829 954 ore⁴
851 890 1044 976 praeferret.e
1097 890 1240 970 Deinde,
1263 889 1326 954 ubi

219 1089 321 1150 tiapsa
338 1089 403 1138 Nera
417 1090 563 1152 murdse
581 1092 677 1141 errabat
693 1107 737 1156 per
754 1092 815 1142 eicos
829 1091 984 1152 dnitmiaae
1001 1105 1046 1154 per
1062 1091 1185 1153 lepasmia
1201 1093 1224 1138 et
1243 1101 1331 1138 m

219 1153 279 1212 loca,
288 1151 372 1202 tabita
387 1155 478 1214 emili,
488 1154 525 1204 sic
534 1171 559 1204 re
570 1161 659 1218 tegerse,
669 1171 702 1206 ne
719 1163 914 1219 agnosceretur,
931 1171 982 1205 eura
999 1155 1150 1218 uipautilar,
1160 1154 1200 1218 qni
1210 1155 1235 1202 rt
1246 1151 1330 1212 anser·

218 1214 320 1265 restres
330 1217 356 1266 is
371 1218 491 1280 publicans
502 1221 630 1283 expandas,
640 1227 665 1270 et
679 1219 854 1278 exuentibus
872 1221 934 1268 ictae
949 1219 1095 1283 infligerent,
1114 1220 1224 1268 samm
1241 1217 1332 1266 insciae

220 1283 288 1343 edes,
297 1285 324 1330 st
334 1282 385 1345 ipre
395 1283 468 1332 etiae
474 1284 560 1347 plagas
570 1286 699 1349 exciperet,
710 1284 806 1344 etfacie
815 1284 945 1334 extiterat.
977 1287 1013 1332 Ar
1021 1289 1143 1348 pedaneus
1151 1283 1271 1346 marita
1280 1285 1330 1344 at,

222 1497 272 1546 llis
283 1498 433 1548 consulibus
445 1501 535 1549 Rornae
545 1501 675 1551 bominem
687 1501 823 1564 peperisse
834 1501 955 1550 observat
966 1499 1094 1560 Phlegon,
1106 1497 1139 1546 de
1157 1495 1235 1547 rebns
1250 1495 1330 1548 mira·

222 1561 297 1609 bitib.
308 1567 436 1612 att—2
452 1567 494 1612 Ad
512 1565 669 1614 raditionem
689 1567 803 1615 Brotier.
836 1566 871 1616 Et
891 1565 928 1614 sic
947 1564 1116 1622 Puteolanas,
1127 1570 1155 1611 et
1172 1561 1334 1612 recentiores

222 1639 319 1675 omnes.
351 1627 477 1676 Adabest
489 1643 505 1676 a
518 1630 569 1676 llis.
582 1630 651 1679 Flor.
664 1631 733 1678 ande
748 1630 895 1679 Gronovius
911 1627 1080 1690 conjiciebat,
1096 1642 1188 1676 mess.
1221 1624 1254 1674 ln
1273 1625 1333 1674 edi·

223 1688 296 1738 tione
307 1689 437 1756 principe,
447 1693 634 1744 «κωφὰ-’8
654 1695 696 1742 lta
707 1691 772 1744 blas.
785 1693 911 1744 editiones
924 1701 1036 1756 ueteres,
1046 1691 1074 1744 J.
1084 1689 1234 1740 Gronovius
1245 1695 1274 1739 et
1290 1704 1334 1739 re·

719 1821 831 1874 NOTAE

222 1915 352 1979 sidebant,
364 1933 423 1967 earn
435 1919 556 1984 princeps
567 1921 671 1972 adesset
680 1921 755 1972 ludis.
827 1920 871 1970 Sic
881 1919 1017 1970 Suetonius
1027 1917 1210 1968 ‘domesticam
1222 1915 1333 1966 vestem'

221 1993 329 2056 Nempe
341 1994 433 2043 cobors
443 1997 576 2046 excubans
587 1999 699 2062 principi
709 2012 756 2061 pro
796 1997 863 2046 dixit
884 1997 909 2045 in
931 1995 1000 2058 Aug.
1020 1999 1061 2044 tt.
1086 2001 1113 2042 et
1136 1992 1162 2041 ln
1190 1989 1282 2042 vireu.
1306 1996 1333 2041 8.
1394 1995 1398 2004 ⁴

222 2080 304 2128 more,
315 2074 343 2118 et
360 2069 452 2117 cobors
469 2071 586 2119 assidens
604 2073 680 2135 ludis,
698 2077 762 2137 quae'
797 2075 907 2135 Seneca,
923 2073 1035 2122 ‘Placet
1046 2069 1190 2120 domestica
1200 2067 1292 2130 restis,
1302 2075 1333 2116 et

223 2142 295 2204 vulgi
306 2143 496 2193 immodestiam
508 2146 650 2194 coerceret.
798 2147 882 2198 vilis?
909 2164 924 2198 a
950 2149 1077 2198 Cicerone
1104 2157 1206 2210 qnoque
1235 2143 1333 2194 dicitnr

260 2222 273 2248 ⁸
295 2216 399 2280 Valeria,
420 2219 452 2266 P.
474 2217 593 2282 Scipione]
640 2219 684 2271 lta
705 2221 756 2270 mei
797 2223 895 2272 ‘vestis
914 2221 1074 2272 domestica!
1106 2220 1182 2270 Idem
1194 2219 1334 2270 suetonius

227 2289 299 2354 iibri,
308 2291 385 2357 idque
397 2293 469 2343 Fasti
480 2297 661 2360 comprobant.
676 2297 757 2360 Lapis
791 2299 899 2360 forensia
911 2313 1012 2364 qnoque
1024 2297 1117 2362 plurali
1133 2310 1241 2346 numero
1257 2309 1338 2346 uoca-

224 2367 351 2431 Neapoli:
369 2370 434 2435 (rid.
453 2371 530 2421 Vnrr.
548 2373 625 2422 lecct.
647 2371 673 2421 in
694 2387 756 2436 pag.
798 2379 836 2427 vit
850 2385 958 2439 vestem,
971 2391 1046 2441 qnam
1065 2377 1092 2425 ln
1112 2375 1180 2436 sora,
1197 2389 1248 2424 non
1267 2374 1333 2424 foria

224 2444 355 2510 praeced.)
363 2448 479 2497 nominat
488 2457 517 2497 et
526 2449 654 2512 Phlegon,
669 2449 696 2498 in
703 2448 758 2499 Ad·
800 2454 938 2518 gestabant
949 2451 1060 2516 antiqui,
1076 2452 1103 2500 in
1114 2449 1183 2514 Ana.
1195 2453 1236 2500 28.
1257 2456 1286 2500 et
1306 2450 1334 2498 in

223 2520 359 2584 mirandis,
382 2523 416 2574 Q.
445 2525 579 2575 Volusium
606 2527 639 2577 P.
660 2527 759 2591 Scipio·
800 2529 937 2595 Gabali.
971 2529 1109 2578 Nostrates
1129 2530 1215 2576 cesten
1233 2539 1334 2576 mera

224 2608 284 2647 nem
303 2599 375 2649 Coss.
403 2601 507 2663 lipsiae.
798 2605 940 2669 appellant.

259 2675 290 2729 Q·
303 2674 405 2738 Volusio]
431 2678 483 2726 llic
493 2679 562 2730 tilius
574 2679 626 2732 fnit
637 2683 668 2732 L.
678 2683 758 2733 Volu·
831 2681 890 2732 Qua
901 2679 1023 2746 loquendi
1035 2678 1118 2728 forms
1129 2693 1189 2727 usus
1201 2677 1298 2728 Cicero
1308 2681 1334 2728 2.

226 2745 301 2798 siide
312 2767 362 2816 qno
373 2753 411 2801 sic
424 2754 493 2806 Plio.
509 2758 624 2807 ‘Notum
635 2760 758 2819 est,Cor·
799 2757 832 2806 de
842 2755 916 2805 finib.
949 2755 1038 2804 Vestis
1058 2767 1159 2820 qnaqm
1178 2753 1335 2802 mnas

224 2826 300 2882 nette
315 2828 465 2890 Scipionum
475 2832 561 2894 gentis
570 2834 702 2883 Volusium
713 2836 759 2885 Sa·
799 2832 947 2895 Capitolino
958 2837 999 2880 est
1016 2829 1156 2894 appellata,
1167 2834 1195 2876 et
1213 2843 1229 2876 a
1246 2828 1335 2876 Dione

224 2901 366 2963 turbinum,
386 2905 431 2967 qui
452 2908 541 2954 consul
565 2905 623 2968 fuir,
643 2910 759 2972 genitum
799 2907 826 2957 in
839 2905 983 2968 Hadriano,
1002 2912 1030 2953 et
1042 2904 1188 2967 Capitolino
1204 2903 1231 2950 in
1249 2902 1335 2951 lilani-

224 2982 287 3042 post
298 2980 339 3026 62.
356 2978 465 3028 anunm!
496 2978 561 3030 Ideo
580 2982 640 3031 buic
659 2985 761 3048 collega
799 2983 875 3032 minis
886 2980 996 3044 duobus,
1011 2993 1088 3047 qnam
1100 2979 1169 3030 inter
1179 2979 1334 3028 coenmdum

225 3051 383 3102 daturPub.
394 3052 493 3116 Scipio,
511 3061 541 3104 ut
553 3064 623 3106 esset
640 3063 694 3107 tum
713 3060 760 3110 du·
798 3063 940 3121 portamus.

225 3125 289 3191 plex
305 3127 455 3190 Scipionum
466 3141 560 3178 nomen
571 3131 599 3179 in
615 3134 760 3184 consulatu.
832 3133 953 3196 Pinguem
963 3137 1062 3181 vestem
1074 3135 1150 3179 vocat
1161 3127 1299 3178 Suetonius
1308 3127 1335 3177 in

225 3203 270 3253 Sic
286 3203 349 3253 dnos
369 3204 584 3255 Messallasvidit
603 3206 687 3259 Roma
699 3223 762 3257 con·
800 3207 869 3272 Aug.
881 3213 922 3258 82.
942 3207 1094 3272 hybernarrr,
1110 3212 1137 3255 et
1156 3204 1270 3256 arcendo
1291 3201 1335 3251 iri·

226 3269 297 3331 eules
317 3281 365 3330 sub
380 3282 493 3346 liberio,
504 3289 532 3332 et
553 3283 616 3334 dnos
635 3285 761 3336 Geminei
801 3284 857 3348 gari
869 3283 994 3333 idoneam.
1010 3281 1145 3344 Tacitnpl.
1156 3293 1240 3330 xvrrr.
1250 3279 1335 3328 ‘Nem

225 3356 305 3405 etism
318 3357 388 3406 Coss.
400 3359 516 3421 ejusdem
528 3360 645 3409 nominis.
801 3359 898 3409 Valens
918 3357 1005 3406 servili
1027 3363 1101 3406 reste
1119 3355 1187 3420 apud
1208 3353 1337 3405 Decurio-

261 3428 273 3462 ὓ
293 3431 362 3480 Veste
371 3434 451 3481 seretti
462 3436 488 3483 irs
497 3435 707 3486 dissimulationem
722 3438 761 3488 ersi
801 3447 860 3483 nem
873 3433 988 3498 equitum
1000 3431 1154 3495 tegebatur!

226 3505 378 3572 mnpositas]
403 3507 440 3557 Ut
451 3508 493 3557 bie
504 3509 611 3558 Tacitus
618 3517 704 3560 sedan
712 3527 761 3561 ser-
837 3509 925 3571 Tagara
939 3507 1113 3572 meridianam
1123 3510 1201 3554 voest
1219 3504 1336 3569 Spartia-

226 3581 305 3646 riiess,
321 3581 359 3632 sic
376 3583 504 3647 Ulpianus
522 3584 549 3633 in
565 3590 679 3636 tractatu
691 3588 762 3638 Pan·
802 3601 849 3638 nus
865 3587 892 3636 in
904 3586 1010 3646 Severo,
1029 3597 1080 3648 qna
1095 3581 1209 3645 presides
1228 3579 1337 3631 uteban-

228 3658 362 3709 dcctarnm
382 3659 415 3710 dc
433 3661 544 3727 injuriis,
563 3663 700 3714 ancillarent
719 3679 763 3716 ro·
803 3669 855 3714 tnr.
872 3661 992 3724 lewes.

228 3742 369 3801 erantque
385 3738 553 3801 maridas,
568 3755 619 3805 qus
634 3741 706 3803 ser-ei,
721 3757 764 3792 aa.
835 3737 898 3787 ‘Et
921 3751 961 3786 ors
977 3732 1112 3800 preferret]
1151 3731 1242 3782 Voluit
1264 3732 1336 3782 clare

227 3811 300 3875 ailla,
334 3814 469 3863 meretrim
499 3823 644 3866 uterentur.
693 3819 763 3869 Nam
801 3814 918 3875 Tacitae,
940 3811 1075 3875 excepisse
1098 3823 1156 3859 eam
1179 3807 1211 3856 ab
1239 3805 1337 3870 ignaris

229 3887 385 3953 quandoque
408 3895 491 3939 vestes
516 3905 609 3941 nomen
632 3893 764 3958 accipiant
802 3891 881 3952 ictus,
892 3897 919 3940 et
930 3890 989 3938 lasa
1002 3886 1067 3936 facie
1079 3885 1234 3950 praetulisse.
1267 3881 1336 3932 Pliu.

228 3963 264 4014 ab
280 3963 328 4027 bis,
347 3964 391 4029 qni
410 3977 454 4015 eas
470 3971 583 4030 gestsst.
616 3966 761 4032 Aliquando
802 3968 820 4017 l.
843 3978 905 4015 xus.
924 3963 958 4013 de
979 3961 1105 4025 Tbapsiar
1133 3959 1226 4008 ‘Nero
1248 3957 1336 4008 cesar

230 4051 399 4090 verononrea
408 4039 609 4108 bebentaloco,
625 4041 763 4108 inquobis
802 4041 950 4092 claritatem
970 4037 997 4087 ei
1023 4035 1097 4086 dedit
1123 4034 1198 4084 initio
1223 4031 1338 4096 imperii,

230 4114 335 4166 fllium·
438 4154 442 4162 .
802 4115 936 4170 noctnrnls
963 4111 1176 4180 grassationibus,
1197 4107 1335 4161 converbe-
