2917 4734
124 315 262 383 s.c.so.]
474 311 681 364 snuanrurr
705 311 778 362 nra.
802 311 894 362 xrrr.
1150 295 1238 365 1603

127 462 236 522 torum
260 455 530 532 circumsteterat,
554 455 782 538 poscebatque
804 459 964 538 ‘tempus
990 455 1234 522 evocandorum

129 559 262 623 testium
271 555 291 622 τ’
311 575 387 620 reos
402 557 517 621 ‘illico
532 555 683 632 defendi:
697 556 901 638 postulabat.
945 554 1151 638 Valuitque³
1173 578 1233 641 pe·

130 661 269 723 cuniosa
284 653 440 722 orbitatc¹
460 665 492 722 et
506 665 649 735 senecta,
663 677 765 741 quarn
784 657 869 722 ultra
883 657 984 721 vitam
1000 665 1137 722 eornm4
1157 677 1234 741 pro·

131 759 239 837 duxit,
255 780 394 843 quorum
408 760 554 824 ambitu⁵
578 766 766 824 evaserat.m

175 862 230 924 63.
254 859 387 938 Quietae
420 859 464 924 ad
501 860 536 923 id
572 867 703 943 tempus
738 881 791 924 res
821 861 855 924 in
888 859 1069 925 Germania
1096 861 1237 940 fueraut,

132 961 264 1043 ingenio
298 961 445 1039 Ducum,
475 962 546 1044 qui,
579 963 783 1044 pervulgatis
828 961 985 1046 triumphi
1023 961 1236 1044 insignibus?

132 1064 242 1148 majus
256 1082 300 1126 ex
315 1082 357 1126 eo
370 1063 496 1127 decus⁰
517 1064 708 1146 sperabant,
738 1065 768 1128 si
794 1084 912 1146 paoem
947 1063 1235 1128 continuavissent.
1278 1129 1282 1134 ,

132 1256 223 1308 dorum
236 1258 355 1308 testium:
374 1264 401 1307 at
410 1273 465 1308 reas
482 1258 620 1309 confertim
630 1257 736 1308 defendi
746 1259 845 1308 arietet.
882 1259 999 1322 Wcitqse,
1017 1259 1077 1324 qnia
1087 1272 1159 1307 sessa
1167 1257 1238 1307 orbas

131 1322 315 1450 extimum
332 1330 359 1370 et
370 1328 456 1372 tamen
466 1322 563 1372 abeam
578 1328 703 1386 miss
712 1330 749 1373 eet
764 1326 829 1374 altra
839 1337 915 1373 cram
923 1325 1026 1386 itiorm
1042 1337 1140 1386 pamas
1150 1321 1237 1382 sonare

166 1451 264 1499 Pseatoe
274 1452 306 1498 ad
324 1450 351 1498 id
367 1451 479 1514 temporis
493 1465 534 1500 rea
543 1452 607 1514 spari
617 1451 773 1502 Germiosr
780 1451 888 1512 sne-w,
906 1451 1033 1514 prudentia
1042 1451 1182 1512 mamm,
1196 1449 1237 1512 qut

131 1513 270 1576 alteritus
279 1515 337 1578 jam
354 1515 470 1578 trimpti
478 1515 630 1578 mestis,
638 1517 751 1578 moram
762 1530 792 1566 ex
803 1531 829 1567 eo
844 1515 945 1580 gloriam
956 1515 1119 1580 aspectabant,
1129 1515 1151 1563 si
1161 1513 1236 1563 otium

132 1788 148 1834 3
162 1784 215 1841 Qae
225 1783 298 1834 abest
308 1800 323 1834 a
334 1785 386 1834 Ma,
397 1785 484 1836 Vatia.
496 1789 619 1835 lbos-⁴
636 1785 680 1835 lta
694 1785 776 1836 editio
787 1787 917 1850 princeps.
949 1784 1014 1835 Mas.
1033 1784 1103 1834 Flos.
1116 1782 1195 1836 Corb.
1206 1789 1235 1833 et

132 1849 267 1898 Ernestus.
301 1849 462 1900 Puteolanus
481 1857 509 1899 et
521 1851 586 1900 Mas.
599 1849 674 1898 Harl.
694 1850 771 1899 Bodl.
792 1849 847 1900 Jes.
868 1850 932 1898 utrm
952 1863 1031 1897 eornm
1048 1849 1182 1898 vitamet
1199 1847 1236 1896 sic

132 1913 247 1976 Ryokios
257 1917 285 1961 et
293 1913 495 1962 Gronovius-5
512 1914 556 1962 Sic
565 1913 650 1962 Rben.
660 1929 676 1963 e
688 1914 756 1963 Buri.
775 1913 826 1962 Sed
838 1918 866 1963 et
881 1913 987 1962 Putaoi.
1003 1913 1049 1964 ita.
1082 1910 1152 1962 Alibi
1161 1910 1236 1960 onii

132 1981 193 2026 issa.
225 1976 341 2026 Fairnns
351 1975 456 2027 volebat
469 1977 592 2040 inpetens,
602 1977 672 2042 qnod
683 1978 753 2028 ridet
765 1977 843 2027 Grut.
878 1976 984 2026 otertta.

634 2123 741 2176 NOTAE

163 2229 171 2264 ¹
181 2232 314 2282 Perusiam
324 2233 436 2297 amase]
446 2236 490 2284 De
501 2249 553 2300 qua
564 2235 663 2286 Seneca
736 2235 806 2286 Hine
824 2239 910 2284 tantae
930 2245 1037 2296 operurn
1048 2231 1128 2280 moles
1143 2243 1234 2294 aggre-

132 2308 165 2360 de
175 2309 252 2360 Brer.
263 2311 335 2372 vitre,
345 2316 370 2361 7.
387 2313 395 2339 ‘
407 2312 456 2360 Ille
465 2327 524 2361 rens
533 2320 597 2377 quot
608 2314 664 2362 dies
702 2307 820 2371 diuntur,
830 2313 859 2357 ut
871 2313 1011 2356 exerceant
1027 2305 1144 2367 militem,
1154 2304 1234 2353 conti-

131 2384 249 2450 abstnlit,
267 2396 331 2450 quot
352 2387 397 2434 iiie
418 2387 579 2450 candidatus,
600 2394 664 2451 quot
701 2390 834 2448 nesntqne
852 2383 879 2430 in
894 2381 959 2442 otio,
970 2387 1000 2429 nt
1011 2379 1070 2430 binc
1081 2392 1149 2440 suos,
1165 2378 1235 2428 iilinc

130 2460 177 2512 iila
186 2477 251 2511 anus
262 2459 400 2510 efferendis
419 2460 567 2510 haeredibus
579 2461 662 2512 lassa?
702 2459 790 2509 boetes
803 2462 923 2519 terreant,
934 2455 1049 2504 subactis
1060 2453 1241 2516 exercitioque.

130 2543 193 2600 quot
201 2536 245 2586 itte
253 2536 286 2585 ad
297 2536 449 2586 irritandam
458 2527 594 2587 avaritiam
602 2553 662 2602 cap-
700 2541 742 2584 tot
750 2533 905 2599 legionibus,
913 2537 940 2580 et
949 2537 978 2580 nt
986 2531 1023 2579 sic
1035 2529 1138 2580 adbelli
1146 2529 1234 2584 nrnnie

130 2610 239 2660 tantinrn
258 2611 393 2659 simulatus
417 2613 505 2674 aeger?
529 2617 595 2676 quot
617 2613 661 2660 ilie
701 2612 857 2676 promtiores
869 2609 1006 2669 baberent,
1023 2604 1233 2655 ounrneeesaitas

131 2686 262 2748 potentior
270 2687 429 2750 amicus‚qni
439 2701 485 2735 ros
503 2687 661 2737 noninami·
700 2689 852 2754 postularet.
1226 2699 1229 2712 ·

129 2761 202 2823 citis,
214 2762 260 2811 sed
270 2762 297 2811 in
307 2767 434 2826 apparata
445 2761 546 2812 babeti'
733 2763 836 2812 Bellum
858 2759 1015 2811 iacientibus
1037 2757 1080 2806 rix
1102 2755 1233 2807 dabantur

160 2845 180 2872 ¹
190 2838 397 2894 &moabia
413 2837 531 2900 murat]
546 2838 661 2888 Deridet
701 2839 826 2902 triumphi
848 2836 976 2900 insignia3
993 2835 1071 2883 immo
1090 2838 1117 2882 et
1136 2831 1233 2881 bellurn

129 2913 663 2976 vanitatemrerumbnmanaranscitus,
700 2914 785 2978 ipsum
805 2913 958 2977 negabatur.
990 2908 1078 2974 Igitur
1094 2905 1233 2970 mainada-

130 2996 157 3040 et
167 2990 206 3038 ait
215 2989 391 3052 heredipetas
404 2989 467 3037 istos
484 2989 662 3040 intercessisse
702 2989 927 3052 carparis,qusrn
946 2985 1022 3034 beili:
1041 2990 1069 3032 at
1088 2997 1140 3032 non
1158 2987 1233 3031 certe

129 3066 234 3132 quidem
247 3079 295 3128 pro
306 3078 361 3124 reo,
371 3071 399 3113 et
409 3077 468 3113 eum
480 3079 605 3127 servasse,
616 3080 662 3129 ape
701 3065 784 3127 majus
794 3077 870 3128 quarn
880 3062 984 3122 insignio
995 3060 1118 3121 trisnrpbr'.

127 3142 302 3207 adipiscendae
311 3141 592 3204 reseruassemus
601 3157 661 3191 con·
733 3139 785 3189 Sed
797 3141 877 3189 decus
888 3139 968 3201 majus
981 3151 1013 3185 ea
1024 3150 1099 3198 pace,
1109 3147 1186 3199 quatu
1199 3149 1233 3183 ex

128 3225 170 3268 tra
181 3217 313 3278 evenisse;
330 3215 385 3266 t'sto
396 3217 464 3265 enirn
476 3221 537 3265 ante
546 3215 662 3280 functos,
700 3214 771 3265 bello
781 3214 930 3278 sperabant,
940 3227 972 3261 eo
983 3224 1065 3274 usque
1074 3209 1233 3273 pervulgatis

129 3293 217 3358 itaque
238 3293 327 3358 preda
348 3305 395 3341 sna
413 3292 507 3341 misere
524 3291 660 3342 escidrsse.
701 3291 825 3355 triumphi
837 3287 986 3352 insignibus,
1003 3293 1033 3336 nt
1051 3287 1131 3336 etianr
1142 3284 1233 3335 otiosis

130 3369 260 3419 meme.
700 3372 729 3416 et
757 3365 884 3417 inertibus
905 3361 1013 3414 ducibus
1039 3361 1231 3412 tribuerentur:

170 3444 350 3506 *Parnaigatis
374 3444 490 3508 triampti
514 3443 660 3509 imigsibm]
700 3441 841 3507 sperabant
859 3455 891 3491 ex
911 3455 976 3505 pace
998 3438 1121 3502 triumphi
1143 3437 1233 3502 derne,

129 3519 189 3571 Hoc
203 3528 252 3582 est,
264 3534 323 3584 qnae
339 3520 395 3582 jun
414 3521 520 3568 nimium
538 3519 659 3586 frequen·
699 3519 1150 3586 quodbelioassequinoopotersnt.
1162 3517 1232 3566 Nam

128 3597 175 3661 tta,
205 3597 401 3659 communiaque
431 3609 489 3646 esse
517 3601 660 3661 emperant-
700 3605 758 3645 tunr
784 3595 908 3658 temporis
932 3607 1016 3657 neque
1037 3591 1132 3640 bellurn
1147 3603 1232 3654 neque

129 3673 265 3723 Mensae.
698 3671 762 3721 beili
774 3672 852 3720 decus
867 3669 1068 3719 concedebatur.

160 3749 326 3812 Pambotis]
350 3747 418 3801 Quia
429 3748 527 3809 moitis,
538 3753 566 3796 et
576 3746 659 3807 sarili-
731 3753 744 3778 ⁰
756 3745 836 3806 Maias
846 3759 878 3794 es
885 3760 912 3794 eo
921 3743 1001 3806 decas]
1011 3744 1053 3793 Sic
1062 3743 1143 3793 vertit
1152 3743 1231 3792 inter·

126 3827 179 3874 tate
188 3825 270 3885 nisa,
287 3839 347 3874 euna
361 3824 484 3873 bonorem
495 3829 661 3872 concesserat
700 3837 762 3887 pres
774 3821 905 3872 Gallicus:
923 3827 953 3870 ut
969 3820 1007 3868 iiii
1017 3818 1105 3880 duces,
1116 3816 1232 3882 qnando·

127 3900 252 3953 Claudius
262 3900 404 3963 princeps3
420 3900 520 3965 etquis
532 3897 660 3948 tribraeba·
700 3898 805 3963 qnidem
824 3897 968 3962 prorniscue
987 3903 1015 3945 et
1027 3896 1122 3959 passim
1138 3891 1231 3943 conce·¹

128 3983 173 4026 tur
183 3976 306 4040 operibus
317 3973 399 4038 pacis,
411 3976 584 4040 potiusquam
594 3972 660 4021 rnili-
699 3974 831 4026 debentur
839 3973 960 4036 triompiri
972 3977 1131 4032 ornamenta,
1147 3969 1230 4032 majus

128 4055 174 4103 tie
189 4051 258 4100 curis
270 4059 316 4100 ant
327 4050 474 4110 iaboribns;
490 4050 567 4100 etsie
583 4049 661 4112 naias
699 4051 780 4102 decus
797 4053 941 4115 sperarent,
952 4048 973 4097 ei
985 4059 1074 4112 pseenr
1097 4045 1231 4096 continua·

127 4131 200 4182 dass
208 4129 349 4196 sperabant
359 4141 393 4180 ea
403 4128 525 4196 operibas
534 4127 615 4193 paris.
699 4127 809 4192 absent,
821 4139 897 4192 qnanr
908 4123 930 4176 si
941 4123 1010 4178 bello
1020 4121 1129 4188 insignia
1140 4121 1229 4173 trium·
