2917 4734
228 293 315 364 1382
583 307 618 354 o.
641 305 826 354 ooeunnrr
848 305 978 356 rsorrr
1169 285 1329 379 [nume.

228 453 347 539 palatii
374 456 509 537 repente
532 450 688 527 diductis,
713 450 891 514 comitante
910 449 1027 530 Burro,
1052 450 1145 519 Nero
1163 453 1328 536 egreditur

228 555 274 621 ed
297 555 489 631 eohortem,²
502 574 579 638 queo
593 573 685 617 more
706 553 835 616 militiae
855 553 1010 617 excubiis
1026 553 1131 620 adest.
1175 555 1241 634 Ibi,
1255 575 1327 619 mo·
1360 605 1368 612 .

226 661 324 721 nente
354 657 531 733 Praefecto,
557 656 651 718 festis
677 657 817 720 vocibus
845 661 1019 738 exceptus,
1035 655 1160 721 inditur
1185 655 1327 722 lectieae.

229 758 449 822 Dubitavisse
478 757 642 840 quosdam
670 757 787 836 serunt,
813 763 1049 840 respectantes¹¹
1072 759 1327 842 rogitantesque,

229 860 313 923 ‘nbi
329 860 536 922 Britannicus
553 858 705 922 osseti'³⁰
725 880 817 936 mox,
833 860 925 922 nulio
940 861 973 921 in
990 859 1155 923 diversum
1169 865 1330 937 uectore,t

226 978 302 1042 quoe
317 960 545 1036 offerebantur,
561 961 668 1022 secuti
692 965 777 1024 sunt.
822 959 1008 1044 illatusque
1033 962 1151 1023 cestris
1177 959 1279 1038 Nero,
1294 966 1329 1024 et

230 1063 441 1142 congruentia
454 1063 594 1144 tempori
610 1060 779 1144 praesatus,
793 1060 960 1144 promisso
974 1060 1142 1137 donativo,
1156 1059 1200 1122 ed
1213 1079 1330 1124 exem·

228 1161 322 1244 ptum
352 1167 498 1243 paternae
523 1161 733 1243 tergitiouiS,q
765 1158 942 1244 Imperator
968 1161 1203 1226 consulebatur.
1246 1159 1330 1224 Senss

227 1351 278 1414 bas,
288 1353 413 1400 dedmeste
424 1351 531 1412 Bsrrbo,
541 1352 607 1400 Nero
616 1351 668 1400 exit
678 1352 710 1399 ed
719 1351 844 1411 eebor-tem,
853 1363 904 1412 Μ
913 1363 961 1412 pro
972 1363 1036 1398 orere
1046 1349 1141 1400 mititte
1148 1347 1258 1398 aretin
1265 1349 1331 1410 egit.

229 1415 379 1476 utpotae
388 1415 501 1478 prefecto
513 1415 638 1478 pretorii,
647 1415 711 1463 tetis
720 1415 859 1464 elamoribus
870 1419 989 1476 exceptus,
999 1414 1129 1476 impositus·
1138 1415 1235 1462 toetteoe.
1270 1413 1333 1462 tra-

228 1481 289 1528 dsrrt
300 1479 395 1528 bosnae
404 1479 527 1540 onbtgsos
537 1481 656 1542 Μαι,
666 1479 814 1541 respicientes
824 1483 984 1540 regentesque,
996 1478 1039 1526 ubi
1059 1486 1128 1527 esset
1144 1476 1332 1526 Britannicus?

229 1559 286 1592 isox
303 1545 375 1604 serito,
386 1542 424 1590 bis
437 1558 489 1604 gisa
507 1543 648 1604 egebostsr,
658 1543 777 1592 obnitente
787 1545 844 1592 deco
854 1548 895 1590 eut
905 1544 1045 1602 consultore,
1055 1556 1086 1590 ea
1098 1558 1149 1604 qua
1160 1539 1333 1604 offerebantur,

228 1607 333 1669 empirei
342 1611 406 1654 sust.
432 1607 597 1669 Ingressusque
605 1611 683 1655 eostre
692 1608 768 1668 Nero,
778 1613 801 1654 et
811 1612 879 1668 prout
887 1605 1036 1654 convestiebat
1046 1605 1090 1653 tati
1100 1611 1209 1668 tempere,
1218 1605 1331 1653 mititem

228 1671 352 1733 elbretus,
364 1669 479 1732 mersisse
487 1672 597 1734 penas«,
606 1672 638 1719 od
653 1671 730 1720 isaer
745 1677 852 1735 peterere
862 1669 1021 1731 monitare,
1032 1669 1178 1732 Imperator
1188 1671 1333 1732 appetetur.

688 1797 836 1817 ΙΙΙΙΙ
838 1795 867 1815 Ν

261 1889 278 1934 2
293 1887 367 1935 Bene
385 1885 465 1936 editio
479 1886 612 1950 princeps,
630 1887 769 1936 Rtrenenus
788 1891 816 1935 et
835 1885 1000 1935 recentiores.
1034 1885 1065 1934 ln
1088 1885 1150 1933 Mss-
1162 1883 1239 1934 Herl.
1250 1883 1333 1934 Bodt.

229 1950 284 2002 Ies.
296 1957 322 2000 et
334 1951 504 2015 Prreounrs,
514 1967 530 2000 o
539 1951 642 2002 erberto.
675 1951 837 2000 Brotter.-t
856 1952 925 2000 Esset
940 1949 1042 1999 abesto
1051 1945 1101 1998 Ida.
1111 1949 1166 2000 Ies.

725 2078 833 2128 NOTAE

229 2187 273 2238 die
285 2187 416 2239 Octobris.
798 2189 959 2252 ferebantur,
969 2189 1053 2239 secuti
1065 2194 1134 2238 sunt.

261 2270 274 2296 ³
290 2263 468 2329 Respectostes]
493 2264 527 2314 Id
548 2270 599 2328 est,
615 2264 758 2315 identidem
830 2263 1133 2328 Didicitetameneottigi
1146 2262 1271 2326 poesitex
1281 2263 1336 2314 troc

227 2340 407 2404 respIeientes,
417 2348 445 2390 et
455 2340 563 2390 subinde
575 2347 704 2404 rogantes.
798 2343 866 2404 loco,
874 2342 936 2406 quid
948 2342 1057 2406 precise
1066 2342 1212 2401 veilent,en
1223 2339 1337 2389 renitent

260 2421 272 2447 ⁰
289 2415 483 2479 maneasque,
493 2416 535 2466 sbi
551 2417 708 2468 Britannicas
723 2432 759 2466 es·
799 2421 975 2471 Britannicum
987 2421 1180 2484 principem‚an
1191 2425 1337 2482 utrumqne

227 2489 275 2553 set]
291 2491 334 2540 Sic
351 2493 464 2540 nonnulii
479 2499 594 2556 vertunt,
611 2492 686 2557 qussi
704 2493 760 2556 qui·
799 2497 905 2548 veilent,
936 2497 1003 2546 Nem
1016 2511 1072 2544 mos
1082 2493 1183 2557 imperii
1196 2492 1336 2542 dividendi

227 2565 289 2614 darn
299 2567 410 2615 miiitum
424 2567 583 2632 dubitarent,
602 2581 647 2617 seu
663 2569 760 2617 delibe-
800 2574 869 2622 inter
890 2573 963 2633 dnos,
986 2572 1068 2620 adhue
1094 2569 1239 2632 incognitus
1261 2575 1336 2618 erat.

227 2650 317 2692 serent
328 2643 361 2693 de
373 2644 492 2706 eligendo
503 2653 531 2694 et
542 2647 722 2694 substituendo
733 2646 760 2694 irr
799 2648 893 2714 Sieque
905 2647 974 2697 forte
986 2648 1030 2696 etii
1047 2645 1187 2710 cupiebant
1199 2644 1338 2694 Britanni·

228 2721 314 2771 iocum
325 2722 436 2770 Neronis
448 2723 615 2782 Britannico,
633 2723 761 2771 eed'l'uei-
800 2739 868 2785 cum,
890 2725 934 2774 etii
956 2723 1098 2784 Neronem,
1116 2729 1145 2771 nt
1164 2719 1196 2770 dt
1214 2721 1240 2769 in
1259 2721 1337 2771 bisce

228 2801 271 2846 tus
290 2797 355 2845 dieit
371 2804 481 2861 tentum,
497 2797 627 2846 dubitasse
637 2799 759 2861 qnosdsm
800 2799 989 2850 occasionibus.

229 2879 258 2922 et
276 2872 419 2930 bresitasse,
446 2885 504 2921 cum
527 2873 609 2920 sotum
628 2873 759 2922 Neronem
806 2887 811 2894 ¹
832 2875 1109 2925 ruotbertum
1128 2872 1233 2934 auctore]
1250 2872 1339 2935 Puto,

229 2953 350 2996 erectum
369 2946 497 3009 viderent,
519 2955 547 2997 et
566 2949 699 3011 rogitasse,
718 2949 760 2998 ebt
801 2951 910 2999 Nomine
931 2957 1039 3000 auctore
1061 2950 1087 2998 in
1108 2948 1285 3008 eontrarium
1307 2947 1339 2997 id

229 3025 289 3071 esset
300 3021 466 3084 Britossiees,
483 3023 556 3086 qussi
577 3023 661 3085 ipsum
679 3025 759 3073 etism
800 3031 850 3086 est,
862 3025 972 3075 Nomine
989 3039 1017 3072 se
1036 3030 1184 3086 opponente
1204 3021 1254 3084 iris,
1272 3037 1337 3086 quae

228 3093 409 3147 desiderarent
430 3097 542 3146 salutare
561 3099 760 3162 Imperatorem,
800 3099 907 3161 debant,
918 3115 1011 3163 nempe
1023 3098 1143 3147 electioni
1154 3097 1266 3147 Neronis
1277 3098 1340 3146 nu}-
1363 3119 1365 3122 ·

227 3171 304 3221 simui
322 3187 381 3222 enm
403 3173 516 3223 Nerone.
548 3176 589 3224 Ex
599 3176 685 3226 Taciti
705 3191 761 3225 ver·
800 3177 825 3224 to
835 3175 1040 3225 contradicente.

228 3248 269 3298 bis
287 3248 393 3298 diffieite
411 3250 527 3314 cotiiges,
538 3252 599 3314 qnid
615 3253 695 3300 reiiet
713 3252 760 3301 mi·
833 3251 908 3300 Nstto
918 3252 943 3299 s'a
953 3251 1070 3299 uorum
1080 3247 1187 3310 auctore]
1203 3246 1271 3296 Cum
1286 3261 1341 3296 ne·

228 3326 278 3386 ies,
289 3326 339 3374 boe
357 3327 412 3375 toeo
428 3333 456 3375 et
473 3333 609 3390 ternpore;
626 3329 675 3375 nisi
691 3329 759 3392 qood
799 3341 841 3376 mo
858 3337 938 3388 esset,
951 3326 993 3390 qui
1015 3325 1117 3374 diverse
1136 3337 1182 3372 sen
1201 3323 1342 3372 contraria

228 3401 305 3450 inniti
321 3402 408 3464 potius
416 3400 524 3451 fortasse
535 3412 671 3466 optassent
679 3404 760 3468 filiurn
798 3401 911 3467 hisquae
928 3401 1036 3464 fiebant,
1047 3401 1132 3464 petam
1147 3398 1268 3462 sentiret,
1287 3404 1341 3448 aut

229 3475 365 3540 principis,
375 3493 451 3541 quem
462 3480 610 3529 ascititium.
800 3485 927 3528 tueretur.

262 3550 458 3615 maresque,
467 3554 507 3601 stt
520 3554 676 3604 Beronum
689 3557 760 3619 mer]
831 3561 845 3595 t
860 3553 900 3602 Ae
916 3553 1047 3614 meten
1062 3555 1170 3615 parem
1180 3546 1340 3614 territum

229 3624 291 3676 Non
301 3626 379 3691 forte,
387 3628 455 3692 qood
465 3629 563 3678 retient
574 3645 631 3678 erun
642 3629 760 3680 sufficere
800 3628 924 3678 Promisit
943 3641 1005 3691 erge
1020 3627 1128 3686 uiritim,
1139 3625 1271 3688 rmum
1285 3640 1345 3676 ses·

227 3702 287 3752 Ioco
307 3704 427 3761 Neronis,
449 3703 496 3751 sed
524 3705 592 3767 quod
622 3713 760 3771 utrumque
800 3705 887 3752 tertio:
906 3709 936 3752 nt
955 3701 1095 3752 Suetonius
1117 3699 1265 3750 inCtsudie
1285 3715 1342 3750 ex.

229 3775 358 3826 Cererem
378 3778 491 3826 sstntare
503 3778 670 3841 Imperatorem
681 3796 758 3845 eope·
799 3780 893 3842 pressit
903 3794 927 3828 e.
940 3783 980 3828 to.
991 3795 999 3840 3
1011 3778 1064 3827 sire
1073 3777 1249 3840 utIoseptrns,
1258 3777 1342 3839 quisae

229 3859 298 3916 rent,
316 3867 443 3902 memores
462 3854 630 3916 Messaitinae,
646 3856 714 3906 torte
732 3867 759 3908 et
799 3858 1064 3907 mittiodreebrsersn:
1081 3855 1342 3922 querunteetertie

228 3929 328 3992 patris3
345 3930 390 3976 sed
409 3942 467 3976 enm
486 3934 576 3976 contra
594 3943 634 3991 es,
645 3945 702 3994 que
713 3932 758 3982 fie-
798 3934 880 3983 Nereo
886 3949 895 3990 ,·
911 3935 964 3983 sive
972 3933 1057 3994 nobis,
1066 3931 1189 3996 quingenti
1198 3929 1343 3992 Pbitippes'.

228 4011 298 4068 rent,
313 4019 390 4054 nemo
407 4004 544 4067 niteretur,
560 4019 617 4055 eum
630 4009 715 4057 nutius
731 4010 757 4058 in
799 4009 866 4058 Nam
879 4011 946 4074 quod
957 4011 1017 4059 otim
1027 4009 1151 4058 exitione
1164 4007 1218 4055 dixi
1228 4006 1261 4055 de
1270 4021 1345 4058 een.

228 4077 359 4129 diversetur
379 4080 428 4143 tris,
450 4095 508 4145 qnae
541 4079 646 4145 debent,
667 4089 760 4134 anetor
798 4085 865 4134 terris
877 4083 994 4146 nummis,
1005 4085 1105 4134 errari:
1123 4097 1154 4131 ea
1169 4082 1239 4131 enim
1250 4081 1345 4132 dona-

228 4159 306 4217 'mr
316 4167 391 4217 dm
407 4162 588 4220 “tumme
598 4171 632 4207 0⁸
645 4174 704 4224 ‘1⁰⁸
719 4161 759 4212 of·
798 4162 834 4214 tio
846 4179 863 4213 e
872 4162 982 4214 Claudio
991 4167 1114 4227 uturpsts
1133 4159 1243 4225 singuiis
1258 4159 1346 4210 dein-
