2917 4734
113 311 252 376 teos.)
455 305 663 357 uuusntnu
689 307 765 356 ιιιι.
787 307 871 358 ιιιιι.
1077 330 1084 344 ·
1142 275 1228 362 1407'

620 458 748 540 noun
832 461 840 484 ¹

147 585 532 648 eme-monumen]
549 586 648 636 matra
687 587 973 652 unumunurm,
986 569 1223 652 memoumnpt'

115 679 145 715 ιι.
159 669 203 714 16.
237 663 330 714 ὓιιιιιι
350 663 539 713 contendebat:
557 663 648 712 ‘Nihil
686 679 723 725 ro,
732 663 866 726 Delmatia,
875 664 1024 722 Mmsoiosio,
1034 665 1117 724 Crete,
1126 664 1223 727 Sicilie,

114 741 176 790 ntis
197 740 300 788 illustre
319 744 365 789 ent
383 753 416 788 ex
435 739 563 802 dignitate
580 739 647 802 Pop.
687 741 811 802 Sordiuiu
823 741 988 804 Hispaniaque
999 741 1102 790 Retico.
1137 741 1219 790 Fuere

114 816 236 878 Romani,
247 815 296 863 uisi
307 829 393 864 corum
405 820 432 864 et
443 813 491 863 snb
502 816 583 863 oculis
595 814 650 863 Cae·
690 831 793 881 quoque
814 815 925 879 publice
954 814 1042 878 fsetae,
1064 815 1225 865 Narbonensis

113 892 191 942 suris:
220 905 304 956 eoque
332 897 486 941 conventum
509 892 593 940 italie
622 898 650 954 et
689 898 824 952 nostru,et
846 893 948 955 Cyprus,
967 905 1015 954 pro
1033 891 1125 956 quibus
1143 906 1159 940 ιι
1177 904 1223 955 po·

114 961 251 1018 effluentes
271 967 418 1029 provincius
434 968 581 1030 presentie
593 967 651 1030 ejus
690 971 752 1033 puio
763 965 851 1019 Cesar
868 969 1018 1018 Munius
1035 967 1145 1032 recepit.
1169 969 1223 1020 Ver·

114 1035 373 1093 semendsdicebnt’
400 1043 452 1092 Sed
461 1044 518 1093 baee
529 1057 576 1107 per
587 1044 649 1092 edn-
688 1046 795 1094 truuius.

112 1119 239 1168 lotionem
251 1119 277 1167 in
289 1118 443 1181 principem.
721 1121 827 1169 Publice
843 1120 982 1183 provincia]
1016 1119 1058 1170 lte
1073 1119 1220 1171 distribuite

145 1195 183 1243 Et
193 1200 267 1244 certe
277 1195 326 1242 boc
345 1196 477 1243 consulum
491 1196 534 1258 jus
546 1195 606 1257 init,
619 1203 648 1245 ut
688 1198 838 1260 provincie,
849 1203 878 1245 ut
890 1204 989 1260 pscetae
1008 1203 1037 1245 et
1055 1197 1165 1245 inermes
1177 1210 1222 1260 ps·

113 1269 647 1332 pntetlxu1.2ti.‘Munebetnibilominus
688 1280 779 1322 rerent
797 1271 906 1332 senatui,
922 1271 1070 1334 populoque
1091 1273 1165 1320 liom.
1182 1285 1223 1319 ur-

113 1341 521 1409 qutetismimegolieipnb.’&c.
549 1346 647 1396 ‘Simul
687 1355 765 1398 matus
789 1362 861 1409 vero,
885 1352 913 1396 et
934 1347 978 1395 nbi
1001 1344 1117 1408 legiones
1138 1354 1224 1412 erant,

113 1421 240 1485 prohibiti
260 1421 368 1470 'lbibsini
392 1423 436 1486 jus
456 1428 597 1486 pretorem
618 1433 647 1474 et
687 1429 812 1489 parerent
823 1423 943 1486 principi.
962 1423 1028 1474 Qum
1039 1423 1127 1484 populi
1137 1427 1224 1484 erent,

111 1497 250 1547 moenium
268 1498 421 1560 preripere,
440 1505 485 1547 eut
501 1513 596 1548 nocere
613 1513 647 1547 ex
684 1502 795 1566 publice,
808 1501 865 1550 elle
879 1500 991 1558 Censoris,
1003 1499 1090 1549 dicte.

112 1572 202 1635 Italia,
219 1574 382 1638 cumquibus
399 1575 458 1638 lege
476 1575 519 1638 sgi
538 1573 646 1638 posset?
718 1578 792 1627 silit
811 1577 912 1625 Putrem
930 1573 1034 1635 odituros]
1068 1576 1220 1624 Nonmutn.
1255 1573 1257 1578 ’

112 1649 253 1698 Neminem
269 1649 376 1697 'lbibnni
394 1663 488 1707 vocure
505 1656 647 1714 potnerunt
687 1651 819 1712 Consules,
836 1651 929 1715 inquit,
941 1650 1078 1713 proebeant
1093 1650 1224 1712 provinci-

112 1738 146 1773 ex
161 1722 247 1784 Urbe,
266 1729 312 1772 eut
332 1723 418 1784 ltuiie,
437 1725 458 1772 si
477 1725 517 1774 vis
535 1725 647 1789 abesset,
686 1726 768 1775 ulibuu
781 1726 877 1774 editum
889 1725 1007 1773 Petrum.
1042 1721 1145 1774 utnaec
1163 1737 1224 1774 ors·

112 1800 160 1849 seo
176 1807 233 1848 tum
247 1798 274 1847 iol
286 1814 375 1863 penes
391 1803 509 1851 consules
526 1801 587 1863 tuit,
600 1807 647 1852 ent
687 1803 723 1852 tio
735 1803 842 1851 Senecoe
860 1800 925 1848 eden
945 1806 1019 1862 grute
1038 1798 1170 1860 Patribus,
1182 1801 1222 1849 eit

111 1881 256 1938 pretorem
273 1881 302 1922 et
319 1875 370 1922 viru
390 1881 491 1924 tentum
512 1878 649 1939 repellere,
686 1879 845 1940 Xipbiiinus:
862 1875 947 1924 ‘utin
965 1881 1115 1936 argenteam
1126 1876 1222 1923 colum·

110 1963 164 1999 non
185 1947 276 1998 fucere
298 1947 445 2000 debuerunt
467 1951 580 2011 tribuni;
608 1953 648 2000 vis
687 1969 747 2002 num
758 1955 838 2002 incise
850 1953 893 2014 sit,
904 1959 931 2000 et
943 1949 1068 2000 liniendis
1082 1949 1142 1999 enni
1153 1951 1222 2011 novi,

111 2031 201 2073 entem
212 2024 304 2086 iicbst,
314 2025 336 2072 si
347 2039 410 2090 quos
426 2041 460 2075 ex
479 2027 558 2077 ltuiin
573 2043 649 2077 voce·
688 2043 747 2078 cum
757 2028 876 2077 consules
885 2027 983 2087 ineunt,
992 2041 1024 2072 ex
1036 2025 1142 2074 decreto
1152 2024 1224 2074 cleis·

111 2109 183 2162 rent,
193 2099 348 2164 quibuscum
360 2102 418 2165 iege
428 2103 471 2166 egi
486 2110 514 2152 et
528 2103 590 2167 jure
608 2118 649 2152 or·
688 2118 751 2166 cepo
763 2101 850 2152 lecte!
884 2102 942 2151 Nee
952 2115 1046 2149 novum
1065 2100 1092 2148 id
1111 2101 1221 2150 Senutus

111 2177 215 2227 diurio
229 2182 326 2240 posset.
687 2180 837 2231 decretum:
856 2177 1003 2244 excipietis
1017 2184 1132 2241 argento.

143 2252 536 2316 vltuiiuetpsblicupmisoiae]
546 2256 650 2318 Nempe
720 2257 787 2306 Num
807 2265 835 2306 et
856 2262 933 2304 unten
952 2269 1053 2317 semper
1074 2255 1221 2318 principum

111 2330 173 2394 quie
185 2328 352 2392 pacatissime
364 2329 451 2392 italie,
460 2337 488 2379 et
505 2330 562 2379 boec
578 2331 649 2379 inter
688 2331 818 2380 erutiones
837 2331 863 2378 in
885 2343 919 2378 aes
938 2329 1036 2391 iucisae,
1049 2336 1076 2378 et
1096 2329 1222 2379 Kalendis

112 2402 262 2466 provincius
278 2403 368 2464 popuii
379 2403 498 2464 Romani,
510 2404 579 2454 sicut
590 2405 647 2453 niiae
687 2408 748 2456 Jun.
761 2407 887 2454 recitate.
919 2404 1020 2451 Morem
1035 2419 1109 2465 quiens
1122 2405 1222 2453 nouniss

112 2478 257 2544 provincie
283 2479 409 2540 inermem
435 2487 464 2529 ct
485 2481 562 2544 longe
582 2494 648 2543 poce
687 2483 735 2531 mis
758 2490 847 2531 uotum
870 2480 985 2543 suggerit
1011 2479 1072 2528 mibi
1099 2481 1153 2529 Dio
1175 2481 1222 2534 lib.

111 2555 170 2618 ipsu
186 2554 319 2603 utebatur.
353 2554 422 2604 Quis
440 2555 478 2605 sic
495 2549 648 2619 usurpatori
688 2557 791 2606 ultimo:
804 2556 884 2604 ‘Cum
894 2556 1012 2617 legerent
1023 2555 1048 2602 in
1061 2563 1152 2604 seuntu
1164 2569 1222 2606 ore-

111 2628 160 2680 ‘sub
171 2631 303 2696 Augusto,
322 2643 398 2694 quem
415 2630 464 2679 sibi
483 2632 606 2695 proponit
623 2632 649 2679 ιιι
688 2631 773 2681 tiones
786 2631 910 2696 quasdem
921 2629 1033 2692 Augusti
1044 2636 1071 2678 et
1080 2631 1176 2680 'liberii
1188 2645 1222 2680 ex

111 2707 276 2769 exemplum
294 2705 392 2769 etquis
403 2706 441 2754 sic
456 2705 518 2754 oli·
535 2704 649 2757 obtinuit
689 2707 808 2769 decreto,
823 2707 862 2755 ito
877 2711 906 2756 ut
918 2705 949 2755 ud
963 2719 1095 2769 vesperem
1112 2707 1222 2756 Senatus

111 2787 205 2830 vetere
221 2779 326 2842 Repub.
336 2785 366 2828 et
375 2781 489 2844 priscum
500 2796 597 2831 morem
609 2797 649 2831 re·
689 2784 867 2842 detineretnr3
884 2783 1002 2846 legentes
1018 2781 1141 2831 claudius
1157 2782 1222 2831 inbi-

111 2869 209 2906 socsre
221 2857 305 2906 voluit
317 2857 398 2920 Nero,
416 2857 557 2920 combuxit,
577 2859 648 2922 inge-⁴
690 2860 757 2922 buit,
767 2859 886 2909 sufficere
903 2859 1001 2918 dicens,
1011 2859 1078 2924 qnod
1089 2873 1127 2908 ee
1139 2857 1165 2906 in
1177 2873 1221 2909 eo·

113 2931 163 2981 nio·
178 2932 290 2980 senece
311 2931 505 2998 obtemperans,
528 2935 573 2998 qni
595 2949 648 2984 non
689 2935 997 2985 lumnisinclsmesseut!

113 3005 241 3071 fingebat.
721 3013 817 3062 Lucem
829 3013 889 3061 binc
902 3010 934 3059 do
946 3009 1026 3059 Plinii
1045 3010 1220 3073 panegyrico:

148 3083 256 3132 Publice
263 3084 403 3147 prwboioe]
418 3085 528 3148 Spectet
539 3085 572 3132 ed
583 3084 648 3133 divi·
688 3089 913 3138 ‘Acclamationes
925 3087 1043 3149 nostres:
1059 3088 1154 3150 inquit,
1171 3089 1222 3138 ‘ns

113 3161 212 3209 sionem
235 3158 413 3224 Augusteum.
452 3160 577 3210 Claudius
595 3162 648 3223 pie·
688 3179 739 3230 que
760 3165 929 3226 interciperet
945 3162 1050 3222 oblivio,
1075 3161 1107 3211 P.
1131 3161 1172 3222 tt,
1194 3161 1222 3210 iu

113 3236 194 3298 rique
205 3236 294 3283 omniu
305 3235 338 3283 sd
350 3250 378 3284 se
388 3240 519 3285 traxerat:
538 3241 565 3286 nt
577 3236 648 3285 Nero
687 3240 793 3304 publiea
803 3246 863 3287 ectu
874 3235 1022 3295 mittendus,
1031 3241 1059 3283 et
1069 3235 1222 3284 incidendos

115 3312 202 3374 populi
214 3310 649 3374 provincius,(eaeenimpublice)
687 3316 714 3363 in
735 3329 787 3362 aere
806 3311 949 3362 censuistis.
992 3307 1072 3372 Ante,
1090 3307 1221 3360 or'stiones

113 3389 257 3449 eurumque
267 3387 457 3435 controversias
468 3387 530 3434 solis
540 3386 649 3434 consuli·
688 3389 835 3452 principum
855 3393 955 3436 tuntum
977 3386 1102 3450 ejusmodi
1126 3401 1222 3452 genere

113 3457 324 3522 buscurnst'ore,
340 3473 369 3509 se
379 3460 535 3509 cesarianis
545 3461 649 3521 prouin-
689 3469 911 3512 monumentorum
936 3463 1051 3511 mnrsderl
1077 3463 1222 3515 eternitetl

112 3537 170 3598 eiii,
181 3537 209 3585 ιιι
221 3536 316 3599 quibus
332 3536 464 3584 exercitus
481 3544 566 3598 erent,
582 3537 648 3585 selis
688 3537 816 3588 solebant:
834 3537 1032 3588 acclamationes
1044 3539 1148 3602 quidem
1161 3555 1221 3590 uos-

112 3611 250 3659 ennsnierc
263 3609 394 3672 predixit.
411 3609 478 3672 Lips.
690 3623 736 3666 trae
749 3614 892 3677 perietibus
901 3615 986 3664 Curius
998 3616 1203 3668 claudebantur)

148 3683 402 3746 Pebiicaeprouiseiae]
435 3686 477 3734 Sic
493 3686 571 3734 (licite
588 3693 649 3737 sunt
721 3693 757 3740 Et
769 3691 802 3739 sb
813 3693 860 3740 boe
873 3690 925 3738 ritu
944 3697 992 3751 est,
1010 3691 1077 3754 quod
1090 3693 1123 3742 0.
1137 3691 1221 3742 Hete-

112 3759 268 3823 prosiucie‚
279 3773 338 3824 qne
358 3761 455 3822 populo
473 3761 547 3809 Rom.
559 3762 651 3810 cessis·
689 3767 742 3814 rius
754 3766 823 3828 opud
832 3764 948 3813 Tacitum
961 3765 979 3813 i.
988 3777 1031 3814 ιιι.
1041 3773 1138 3828 censet,
1148 3767 1220 3830 ‘ejus

111 3843 184 3895 sest,
201 3835 277 3899 quusi
295 3835 420 3898 msice,
441 3849 499 3884 cum
518 3834 590 3886 fucta
608 3843 649 3887 est
689 3841 741 3891 diei
752 3841 980 3889 senatusconsultu
996 3842 1080 3890 eureis
1096 3842 1181 3891 literis
1193 3841 1221 3892 ἰιι

109 3925 205 3960 eurum
233 3911 328 3959 divisio
353 3913 424 3961 inter
450 3912 596 3976 Augustum
622 3919 650 3963 et
689 3915 768 3965 Curis
786 3909 904 3977 figendi!
946 3917 1072 3980 ingerunt
1093 3922 1121 3966 et
1139 3917 1220 3968 luris.

108 3987 142 4038 8.
157 3987 189 4034 Ρ.
201 3988 236 4038 Q.
248 3988 401 4037 Romenum.
688 3993 810 4054 consulti,
822 3991 890 4055 apud
904 4005 968 4054 quos
980 3991 1042 4040 loeis
1054 3991 1150 4056 aliquot
1163 4007 1219 4048 ore·

147 4062 205 4111 llus
214 4076 277 4111 sero
287 4060 366 4112 inisse
374 4062 464 4125 didici,
473 4077 532 4128 que
540 4064 650 4128 sequunss
689 4065 772 4118 tiones
782 4067 823 4118 be
835 4067 979 4132 principum
990 4065 1110 4124 laudate.

108 4143 176 4188 tur:
188 4136 283 4203 Meos,
292 4137 419 4204 Numidia,
430 4139 648 4207 Cyrenaicum,
