2917 4734
579 295 612 342 c.
636 259 820 343 cortuuurr
845 291 974 344 uacant
1161 297 1322 363 [aucus.

718 501 827 554 NOTAE

223 635 362 699 nigrosque
373 637 547 685 secernerent.
580 630 613 680 Id
632 639 756 694 est,snp·
794 627 922 690 aal,t'orts
939 633 967 678 et
980 633 1090 678 aestum.
1132 681 1134 686 ,
1314 695 1316 702 Α

224 715 299 774 putat
309 709 441 758 caleam
450 707 531 771 paria,
539 706 612 756 binos
623 711 755 770 numerat,
826 705 897 754 Tota
915 703 994 754 italia
1009 703 1218 768 frequentissima
1228 705 1326 769 passim

222 799 272 849 per
283 785 357 849 paria
374 781 476 843 dividit,
488 796 521 830 ne
541 783 567 830 in
585 781 691 844 siugulis
702 782 755 832 lon-
796 780 851 830 bec
868 780 1009 842 ergastula.
1031 779 1119 828 Liviua
1131 780 1148 826 Ι.
1166 791 1204 827 vr.
1237 779 1328 832 ‘Olim

224 863 281 926 gior
297 859 428 924 esset,vel
448 858 487 907 bis
504 857 570 907 binis
590 873 656 922 opus
668 857 752 907 distri·
794 854 987 904 multitudinem
1008 854 1219 904 innumerabilem
1232 856 1328 907 libero-

222 939 290 990 bult.
793 945 850 980 rura
871 930 985 994 capitum
996 929 1022 978 iu
1046 929 1076 978 iis
1088 930 1150 978 locis
1162 929 1250 991 fuisse,
1267 945 1327 996 quo

255 1011 333 1066 Quod
351 1011 415 1061 dicit
434 1009 594 1070 damlorilim
608 1009 635 1059 id
655 1023 754 1070 rerum,
792 1019 862 1056 nunc
881 1006 934 1066 vix,
952 1005 1086 1054 seminario
1109 1005 1203 1068 exiguo
1216 1007 1327 1057 militurn

157 1073 162 1079 ³
223 1098 274 1140 uott
286 1095 359 1139 certe
370 1087 404 1137 de
415 1085 518 1148 vinctis,
528 1085 574 1133 aad
590 1085 624 1134 de
641 1084 755 1134 decenti·
794 1082 898 1146 relicto,
920 1083 1024 1134 aeruitia
1040 1083 1117 1132 Rom.
1134 1083 1168 1132 ab
1186 1084 1327 1134 solitudine

223 1165 312 1218 oribus
323 1161 630 1214 etdomesticiaserrulis.
656 1163 755 1212 &neca
795 1159 946 1210 vindicant!

223 1242 310 1308 Epist.
328 1245 371 1292 96.
386 1241 518 1290 ‘Transeo
537 1240 698 1289 exoletorum
709 1253 754 1302 ag·
827 1235 863 1284 Et
873 1235 965 1283 Florus
981 1233 1014 1283 de
1034 1235 1138 1284 Sicilia:
1156 1234 1254 1284 ‘Terra
1273 1235 1328 1286 irn-

224 1317 294 1368 ming
316 1331 363 1380 per
385 1317 505 1366 natione,
535 1316 685 1377 eoloreeqne
712 1315 756 1364 de.
795 1324 854 1372 gum
878 1309 959 1371 ferax,
975 1317 1003 1359 et
1022 1310 1210 1374 quodammodo
1236 1311 1329 1360 subur·

222 1394 336 1461 scripta!
369 1393 428 1443 Nec
438 1394 520 1442 solum
532 1405 580 1455 per
594 1391 693 1440 colores
710 1397 756 1439 aut
796 1385 1009 1449 banaprouiucia,
1021 1384 1164 1434 latifundiis
1173 1385 1269 1434 civium
1278 1387 1329 1436 La·

222 1471 350 1531 nationes,
368 1468 509 1518 sedetiam
528 1474 686 1530 persalutet
705 1467 756 1516 dia·
795 1463 906 1512 tinorum
925 1461 1070 1512 tenebatur.
1104 1461 1156 1511 liic
1174 1461 1207 1512 ad
1226 1463 1328 1516 cultum

224 1545 308 1606 cr'eti3
327 1551 357 1602 ut
368 1552 442 1608 patet
451 1557 485 1592 ex
494 1543 555 1592 l'ac.
566 1541 641 1590 infra.
794 1537 851 1602 agri
879 1535 1027 1602 frequentia
1054 1537 1186 1602 ergastula
1201 1537 1330 1588 catenati·

256 1617 474 1683 Ergartulariiiili
491 1615 571 1667 uincti
589 1623 690 1672 tautum
709 1632 755 1682 pe·
796 1629 846 1678 qua
872 1615 986 1664 cultores
1007 1613 1148 1664 *materiem
1175 1614 1245 1666 bello
1262 1630 1331 1680 prc-

223 1695 308 1757 dibus,
320 1700 391 1744 metu
401 1691 479 1756 fuge,
489 1706 540 1741 nou
551 1691 677 1752 bracbiis;
694 1693 756 1741 alio·
795 1687 894 1739 nuere!
906 1749 909 1755 Ι

224 1771 290 1836 quin
313 1785 378 1834 opus
404 1768 491 1820 t'acere
519 1783 574 1818 nou
599 1770 755 1832 potuissent.
829 1765 906 1815 Unde
918 1770 1002 1828 patet,
1019 1779 1091 1829 sape
1110 1764 1266 1830 impendisse
1277 1767 1330 1819 dia·

224 1845 318 1898 ovid:
331 1845 411 1908 ‘Sper
420 1843 500 1894 ctiam
510 1843 576 1893 dura
585 1843 757 1893 solaturcom-
797 1841 894 1890 crimen
906 1841 938 1890 ab
957 1841 1103 1904 hujusmodi
1114 1857 1232 1892 aemorum
1252 1845 1332 1906 aguri-

224 1913 443 1987 pede‘viuctum!
476 1921 511 1970 El
530 1921 598 1970 laam
613 1921 665 1970 iila
686 1935 756 1969 com·
794 1916 872 1981 sibus,
886 1917 907 1966 ai
919 1916 1072 1982 quandoque
1082 1931 1097 1964 e
1109 1917 1260 1968 carceribus
1271 1919 1330 1970 istis

224 1998 314 2062 pedes,
323 2004 486 2056 roncateua,
495 1995 632 2061 utiugredi
642 2001 756 2059 prostent,
795 2003 977 2058 erumperent:
1010 1993 1079 2043 unde
1109 2001 1196 2043 sumta
1227 1996 1331 2048 occasio

224 2078 253 2121 et
264 2071 339 2121 orbes
351 2078 478 2120 catenaec
493 2067 572 2131 ferro,
584 2072 666 2119 instar
676 2085 755 2119 annu·
797 2069 957 2135 Agrippiuae,
967 2071 1050 2120 veluti
1068 2069 1211 2134 majestatis
1229 2069 1331 2122 crimen

223 2147 317 2195 lorum.
350 2145 375 2195 ii
395 2144 498 2210 gemina
519 2146 643 2208 compede
664 2147 756 2210 vincti,
796 2145 943 2195 inmutandi
963 2145 1087 2195 adversus
1113 2143 1257 2195 Domitiam
1276 2145 1330 2198 boc

224 2227 252 2272 el
268 2237 328 2272 crus
345 2222 375 2271 iia
394 2223 503 2286 ligatum
521 2228 667 2287 utrumque.
683 2225 768 2286 Man,
796 2222 862 2270 ioco.

224 2299 311 2348 tiaiis:
327 2299 480 2361 ‘flaccum
500 2297 603 2361 gemiua
621 2297 756 2363 compede,
827 2296 879 2346 Sed
905 2297 1012 2361 posthac
1029 2293 1160 2345 Adrianus
1186 2296 1332 2360 imperetur

224 2375 332 2425 dedicat
342 2381 459 2434 catenas,
469 2375 591 2436 Saturne,
599 2374 658 2437 tibi,
668 2374 756 2424 Zoilus
795 2371 855 2421 talia
864 2371 972 2421 saevitiae
983 2377 1011 2421 et
1029 2371 1221 2420 inhumanitatis
1241 2371 1332 2436 prodi·

225 2451 332 2499 annulos
343 2448 459 2514 priores!
494 2449 608 2512 lauripli
621 2449 757 2512 atiamilli,
796 2447 839 2510 gia
860 2449 976 2510 sustulit,
993 2455 1063 2497 teate
1082 2447 1239 2510 spartiano:
1261 2449 1332 2499 ‘Er-

222 2529 250 2577 id
262 2533 312 2591 eat,
322 2526 470 2592 stigmatioe,
480 2525 756 2590 rivaliterisnotisque
796 2523 914 2588 gattula,'
930 2523 1023 2588 iuquit,
1038 2526 1047 2551 ‘
1060 2537 1192 2572 seruorum
1210 2531 1239 2574 ct
1254 2523 1334 2575 iiber·

224 2604 330 2654 infacie
348 2604 449 2668 puncti,
469 2611 499 2654 ut
518 2603 623 2668 agnosci
640 2607 756 2668 possent.
796 2605 878 2648 lorum
898 2596 976 2649 tutta:
1007 2597 1110 2663 Nempe
1129 2599 1194 2663 tulit,
1211 2614 1260 2662 pro
1280 2615 1332 2652 aaa·

224 2681 373 2731 Scribonius
383 2682 482 2746 Largus
492 2697 516 2737 c.
526 2686 583 2732 2³1.
603 2683 612 2710 ‘
623 2684 757 2733 Quatenus
798 2675 866 2724 lviii·

224 2757 321 2807 acrium
332 2762 361 2805 et
372 2757 579 2806 exulceratorum
588 2757 758 2808 medicamen·
830 2755 888 2803 Nou
901 2769 947 2818 par
956 2759 1028 2804 certe
1037 2753 1136 2805 saevitia
1144 2753 1171 2804 in
1180 2754 1247 2818 agria
1256 2755 1333 2807 circa

224 2840 308 2880 torum
327 2830 418 2879 habita
437 2838 478 2880 eat
498 2831 604 2896 mentio,
624 2847 758 2896 ponemus,
798 2827 931 2879 Lutetiam
953 2829 1123 2888 Parisiorum,
1138 2830 1185 2879 aad
1204 2845 1254 2894 par
1273 2831 1332 2894 jam

224 2921 276 2972 quo
303 2907 426 2968 stigmata
465 2904 592 2954 tolluntur
626 2906 756 2969 indiguis!
796 2903 1085 2966 cupiditaaoxercctur.
1117 2905 1334 2958 Includuntnos·

224 2981 352 3044 Apuleius
363 2981 380 3030 l.
390 2992 432 3029 rx.
465 2979 528 3027 ‘Dii
540 2979 608 3042 boui,
619 2982 707 3044 quales
718 2981 756 3032 illl
798 2975 832 3025 tri
844 2976 950 3042 divites,
960 2984 987 3026 et
997 2979 1130 3042 praecipuc
1142 2979 1242 3045 publici
1253 2998 1333 3034 exne·

223 3055 380 3118 homunculi,
391 3059 442 3106 duc.
458 3054 558 3104 frontes
569 3055 667 3106 literati
677 3067 704 3105 et
715 3073 758 3107 ca·
797 3061 876 3116 tores,
896 3069 946 3103 uno
969 3069 1042 3104 muro
1066 3056 1191 3105 immensa
1210 3057 1332 3110 villarum

223 3132 315 3199 pillum
326 3132 441 3182 semirasi
449 3139 478 3181 et
489 3131 569 3196 pedes
581 3131 715 3181 annulati!
797 3129 891 3193 spatia,
906 3137 1008 3194 stagna,
1020 3131 1110 3194 saltus,
1121 3139 1222 3182 montes
1233 3141 1261 3184 ct
1273 3135 1333 3200 ipsa

255 3209 328 3259 'ralia
338 3208 515 3258 inscribebant
524 3207 606 3256 uultui
616 3224 624 3268 3
640 3207 648 3234 ‘
658 3209 728 3258 Care
740 3222 756 3258 a
795 3201 908 3265 flumina,
918 3204 992 3270 (quid
1004 3205 1089 3255 dicam
1099 3204 1121 3271 i)
1131 3207 1215 3270 ipsum
1224 3211 1331 3274 coelom,

225 3285 340 3349 fure,'‘a
352 3283 482 3350 fugitivo!
514 3283 670 3333 Petronius:
687 3284 755 3333 ‘Im
796 3279 894 3328 solum:
913 3279 1050 3345 Solemque
1070 3281 1119 3330 sibi
1136 3281 1192 3330 riuis
1211 3285 1331 3349 vectiga-

224 3360 306 3424 plerit
325 3361 467 3422 Eumolpus
489 3356 604 3408 frontem
622 3359 755 3424 utriusque
796 3356 846 3404 iem
869 3354 979 3420 faciunt,
999 3365 1026 3406 et
1053 3357 1150 3406 ceteris
1175 3359 1330 3411 mortalibus

224 3433 371 3497 ingentibus
382 3433 473 3496 literis,
487 3439 513 3481 et
524 3440 614 3483 notum
632 3432 756 3498 fugitivo.
795 3437 911 3480 naturam
923 3432 1068 3481 universam
1077 3429 1197 3482 suffurari
1205 3435 1331 3498 gaudent.

224 3523 281 3558 rum
303 3509 462 3573 epigramma
489 3523 536 3572 per
559 3515 640 3558 totam
662 3507 755 3560 faciem
796 3507 832 3557 Et
844 3515 979 3572 postquam
994 3507 1094 3557 sevitia
1104 3523 1257 3572 oppressere
1268 3525 1330 3573 pro·

219 3585 326 3640 liberali
343 3599 419 3634 manu
431 3583 523 3633 duxit.’
796 3581 940 3646 vincias,et
960 3581 1078 3632 sudorem
1097 3598 1266 3648 cruoremque
1283 3600 1331 3636 ex·

257 3663 340 3711 Erant
358 3661 438 3724 igitur
452 3659 561 3710 cambrai
579 3674 665 3709 omues
687 3661 757 3711 vilio-
797 3673 898 3720 suxere,
920 3659 976 3722 jam
1001 3665 1028 3708 et
1055 3658 1192 3722 urbicolas,
1219 3659 1330 3726 urbique

226 3751 267 3787 rea
285 3737 362 3798 servi,
373 3743 402 3784 ut
423 3737 506 3786 altera
523 3751 582 3800 para
602 3737 696 3802 capitis
713 3753 755 3787 ca·
797 3733 897 3783 viciuos
913 3735 1017 3798 grauius
1029 3741 1056 3784 et
1078 3737 1184 3800 propius
1197 3745 1331 3798 premunt.

223 3815 323 3880 pilista,
334 3816 417 3863 altera
433 3814 501 3862 unda
520 3819 597 3876 essct,
616 3829 663 3878 per
678 3815 754 3863 risum
794 3809 898 3860 Vivitur
915 3811 941 3860 in
959 3812 1036 3875 agris,
1047 3812 1067 3859 ai
1081 3812 1162 3861 veiint
1180 3811 1234 3873 lttt;
1251 3813 1274 3862 si
1285 3829 1331 3864 no-

224 3889 453 3941 etcontumeliam.
485 3891 537 3940 Sed
557 3891 661 3954 proprie
678 3906 756 3955 prena
794 3883 851 3946 iiut,
876 3887 1038 3950 pereundum
1065 3893 1119 3936 eat:
1145 3888 1185 3937 ita
1211 3895 1240 3937 nt
1269 3887 1331 3938 solis

223 3963 275 4015 tuit
285 3980 383 4028 eorum,
393 3965 437 4031 qui
447 3967 666 4028 magnanimum
675 3967 754 4015 etiam
794 3977 881 4012 corum
894 3963 1015 4014 ministris
1033 3977 1063 4013 ac
1080 3963 1237 4014 satellitibus
1257 3971 1332 4016 terra

226 4041 260 4090 ad
281 4040 412 4105 publicum
433 4055 498 4106 opus
527 4041 642 4090 damnati
671 4047 754 4092 erant.
787 4039 843 4104 jam
854 4051 945 4105 aperta
955 4041 998 4100 ait,
1006 4041 1045 4088 bia
1056 4041 1117 4090 solis
1126 4042 1220 4092 coelum
1229 4048 1329 4106 pateat.

223 4114 317 4167 'i'cnuia
337 4117 440 4167 illorum
463 4117 556 4182 rictus,
575 4130 651 4182 aqua,
672 4117 756 4182 panis,
794 4114 857 4165 latis
868 4116 927 4166 solia
940 4113 1048 4166 affluunt
1057 4115 1233 4184 labunturque
1242 4131 1330 4168 amnes
