2917 4734
211 331 298 404 1158'
555 355 588 402 o.
611 349 793 403 uouurnnr
816 354 946 404 reorrr
1153 341 1204 426 [A.
1213 364 1318 418 uuus.

211 495 410 562 Statueretur
425 499 526 562 immo
535 494 788 574 documentum,
803 516 870 580 quo
881 473 1242 582 'uxorem-Imperator
1257 522 1316 568 uc·

210 686 237 736 id
255 701 270 736 u
289 687 414 752 presenti
432 687 604 738 abstinentia:
634 686 817 738 institueretur
831 685 910 736 immo
929 688 1087 752 exemplum,
1110 704 1161 756 quo
1178 691 1316 757 conjugem

715 815 822 867 NOTAE

210 961 290 997 curum
302 947 422 1011 nuptiali,
431 947 565 998 mundusne
573 948 606 997 ud
617 945 741 997 Pisonem
780 943 842 994 duur
862 943 919 993 irie:
945 949 1092 994 &utuntur
1109 946 1180 996 intuo
1196 949 1319 999 dueum·

210 1032 303 1090 contre
324 1025 528 1088 recumbentem,
555 1023 608 1073 noli
635 1039 742 1072 uxorem
781 1026 896 1084 tumque
910 1036 1010 1070 uxorem
1028 1021 1319 1086 isupemtorfretrirfili·

210 1114 293 1148 urcem
306 1115 436 1163 premere,
445 1101 584 1166 statimque
596 1116 610 1150 e
623 1100 742 1150 convivio
782 1112 823 1146 em
832 1099 966 1160 occiperet.-
988 1107 1016 1147 ut
1027 1099 1048 1146 ri
1057 1098 1120 1146 uiuit
1132 1100 1318 1162 supplendum,

209 1172 346 1224 abduxisse
369 1191 425 1224 earn
449 1191 546 1238 secum,
571 1184 600 1226 et
622 1175 741 1240 proximo
781 1172 926 1237 utquidcm
938 1173 1066 1235 existimo,
1086 1174 1123 1222 sic
1135 1174 1246 1237 intelligi
1259 1189 1321 1238 poe·

210 1249 253 1298 die
275 1250 397 1314 edixisse,
419 1252 607 1301 matrimonium
630 1251 678 1300 siut
701 1267 741 1301 rc·
782 1250 832 1298 stt:
860 1263 910 1298 uon
923 1256 1010 1299 tumen
1022 1250 1123 1312 legi,ut
1134 1250 1190 1299 vnit
1202 1250 1316 1313 Lipsius.

210 1331 313 1386 pertnm
325 1327 444 1390 exemplo
455 1327 557 1376 Romuli
569 1336 598 1377 et
611 1325 741 1392 Augusti!
780 1325 947 1375 Strtueretur
969 1324 1160 1389 documentum,
1178 1324 1318 1390 quomodo,

242 1399 284 1449 stc
296 1406 323 1449 et
336 1401 444 1452 Lollium
462 1404 593 1452 Paulinam
606 1412 742 1455 evocatum
781 1415 832 1450 nun
852 1408 938 1450 temen
958 1402 1070 1466 qualem,
1086 1414 1194 1450 uxorem
1208 1402 1319 1464 impere-

210 1477 741 1544 rcperductumemeritosibiconjurrxit3
783 1479 975 1542 toruceiperet.

211 1551 248 1599 sic
268 1559 295 1598 et
307 1549 450 1602 Caesouism
466 1568 499 1602 ex
518 1553 567 1602 elio
587 1555 642 1603 viro
663 1555 741 1604 trium
815 1553 866 1602 Vel
888 1553 935 1616 eic,
961 1551 1040 1605 tieret
1057 1553 1318 1617 omniumomniuni,

209 1623 318 1674 tiliarum
330 1633 446 1677 matrem.
778 1627 858 1693 justu
869 1631 945 1694 eujus
964 1629 1156 1693 prescriptum,
1174 1629 1319 1692 imperetur

244 1701 337 1750 Alieno
366 1703 531 1753 matrimonio
551 1705 608 1770 puri
636 1705 744 1755 licentia
783 1707 960 1770 possetetiem
982 1707 1079 1755 ducere
1095 1703 1318 1768 iretristiliern,ri

211 1777 311 1842 polluit.
323 1779 395 1828 Suet.
406 1780 462 1829 Cal.
480 1785 520 1828 so.
553 1781 560 1807 ‘
573 1781 656 1844 Super
674 1795 743 1830 soro·
783 1780 887 1844 liberet,
897 1783 939 1830 vel
951 1780 1120 1830 conduceret.

211 1867 267 1901 rum
276 1853 382 1916 inceste,
391 1862 419 1902 et
428 1855 586 1903 notissimum
596 1855 743 1918 prostitutae
816 1857 885 1906 Nem
895 1855 963 1905 infre
973 1871 980 1905 ι
991 1855 1108 1905 ‘Morem
1118 1854 1322 1920 accommodari,

210 1927 352 1990 Pyrallidis
371 1944 493 1994 umorem,
512 1945 562 1980 uon
580 1937 679 1982 temere
690 1932 743 1982 ullu
782 1943 861 1997 prout
872 1934 1020 1997 conducet:
1032 1934 1101 2000 quod
1116 1935 1186 1984 idem
1197 1933 1255 1984 fere
1268 1941 1320 2001 ert,

209 2003 351 2054 illustriore
374 2004 478 2055 tremine
497 2005 638 2056 abstinuit:
678 2022 742 2072 qnae
781 2025 813 2058 nc
825 2025 871 2073 pro
883 2011 958 2060 liutto
976 2011 1114 2074 principis;
1135 2011 1182 2060 ‘et
1199 2009 1256 2060 fore
1267 2011 1318 2062 hoc

209 2079 361 2144 plerumque
383 2087 441 2130 'cnm
464 2080 562 2129 moritis
586 2080 618 2130 ed
641 2097 742 2134 coenrrn
781 2101 884 2150 quoque
898 2087 923 2135 in
933 2085 971 2135 lrir
983 2101 1040 2150 qun
1054 2101 1113 2135 mox
1131 2087 1320 2150 usurpentur?

210 2166 326 2220 vocotus,
339 2167 487 2222 preterque
499 2159 580 2223 pedes
589 2173 645 2208 suros
659 2165 741 2210 truns-
780 2167 809 2210 et
822 2160 910 2223 inire3
935 2163 1100 2212 ‘Decretum
1120 2164 1244 2225 postulet,
1264 2177 1321 2229 quo

209 2241 309 2293 euntes,
327 2234 468 2298 diligenter
484 2250 514 2284 ec
530 2235 609 2297 lente,
627 2251 742 2286 mercen·
776 2237 856 2300 juste
868 2239 937 2287 inter
952 2247 1058 2302 petrnoe
1074 2237 1233 2303 turremque
1251 2237 1319 2289 filisu

210 2308 274 2358 tium
293 2323 371 2372 more,
390 2311 584 2372 considerabam
608 2312 685 2361 etium
706 2311 744 2362 fn·
782 2313 978 2376 uuptiae,etiuur
990 2314 1016 2362 iu
1029 2319 1162 2377 posterum
1174 2320 1321 2364 statueren-

210 2383 276 2434 ciem
293 2399 369 2434 runnu
386 2387 509 2446 allevans,
531 2387 625 2452 siquos
643 2389 743 2452 pudore
783 2389 844 2439 tur.’
879 2392 943 2452 Quo,
961 2388 988 2438 id
1009 2397 1060 2452 ert,
1073 2389 1152 2452 Juxte
1173 2389 1251 2453 quod,
1272 2403 1319 2440 eeu

212 2461 390 2512 demitterent.
424 2465 533 2514 Quoties
553 2466 646 2514 deinde
657 2467 744 2517 libuir-
783 2465 859 2527 cojm
878 2479 910 2515 ex
932 2465 1096 2528 prescripto,
1118 2479 1227 2514 uxorem
1247 2466 1320 2530 prin·

211 2545 261 2602 ret,
278 2553 395 2603 egressus
415 2541 537 2604 triclinio,
556 2557 614 2591 cum
632 2544 744 2592 maxime
783 2540 1000 2605 ceprucciperet.
1297 2549 1302 2556 ⁴

211 2614 333 2678 placitum
355 2623 511 2678 serocuuset,
530 2619 606 2681 punio
626 2627 686 2682 post
704 2637 745 2670 re·
816 2615 898 2665 Forte
923 2624 1009 2666 iumen
1028 2615 1055 2665 id
1078 2617 1200 2680 generice
1222 2617 1321 2669 intelil-

212 2691 427 2740 centiburudlruc
449 2694 562 2742 lasciviae
581 2695 744 2745 notisrever·
784 2695 904 2757 gendum.
949 2695 1116 2744 statueretur
1139 2695 1217 2743 immo
1239 2695 1322 2746 dueu-

212 2783 264 2828 sur,
276 2769 317 2817 vel
333 2769 457 2818 tundebat
476 2769 569 2832 pulum,
589 2771 630 2819 ucl
643 2773 744 2836 uitupe·
783 2777 908 2833 ruentum,
918 2783 963 2818 eeu
972 2769 1118 2826 decretum,
1128 2783 1180 2833 quo
1193 2767 1320 2832 princepi

211 2844 294 2906 rubet,
315 2845 417 2908 singulo
437 2859 589 2894 enumerans
608 2847 744 2896 bonomo·
784 2857 890 2892 uxorem
909 2843 1007 2892 ducere
1025 2849 1170 2904 teneretur,
1191 2842 1320 2892 nordeli-

210 2921 270 2971 leve
281 2921 405 2985 corporis,
417 2927 496 2984 etque
508 2921 679 2972 concubitus!
783 2919 887 2984 niundo,
899 2934 975 2985 quum
987 2932 1104 2980 uxorem,
1119 2933 1207 2983 neque
1218 2934 1270 2984 que
1281 2933 1322 2968 rn-

243 2996 326 3046 Sicut
342 2997 457 3045 Seneca:
484 2995 648 3047 ‘Asiaticum
666 2999 744 3048 Vale·
784 2995 868 3060 tione,
889 2997 936 3046 red
959 3003 1068 3058 tentum,
1090 3010 1196 3044 uxorem
1223 2996 1320 3047 ducere

210 3071 275 3121 rium
287 3072 313 3120 in
327 3072 417 3134 primis
434 3072 521 3122 amicis
539 3073 658 3136 lrsbebut,
676 3073 743 3126 fero·
783 3075 944 3139 adigeretur,
955 3087 998 3135 ne,
1019 3086 1122 3136 nempe,
1133 3072 1232 3122 eiieuur
1243 3087 1319 3138 rope·

211 3161 268 3197 uem
281 3147 373 3208 virum,
394 3147 476 3196 utrix
494 3163 568 3212 aequo
586 3150 670 3198 animo
681 3151 743 3200 elie·
784 3157 833 3199 ret.

212 3237 258 3274 nu
285 3224 453 3273 contumelias
475 3225 604 3274 loturum:
634 3225 693 3276 lruic
715 3227 742 3275 iu
817 3227 979 3282 Quouxureru
996 3223 1321 3289 Imperetur....ueciperet]

211 3299 340 3360 convivio,
362 3299 386 3347 id
407 3307 456 3362 est,
478 3298 503 3348 in
524 3301 657 3364 concione,
680 3316 743 3352 voce
785 3303 834 3352 Est
855 3303 893 3350 uis
913 3301 1030 3367 qnaedern
1048 3300 1074 3348 in
1091 3299 1172 3348 uerbo
1191 3299 1320 3363 occiperet,

211 3373 360 3436 clarissime,
377 3375 460 3438 qrrulir
477 3375 502 3423 in
519 3376 658 3426 concubitu
676 3384 746 3428 esset
784 3377 942 3442 respondens
960 3376 993 3425 ud
1012 3376 1039 3423 id
1059 3375 1130 3439 quod
1150 3375 1320 3439 supradixit,

162 3493 164 3496 .
212 3465 277 3500 uxor
289 3450 353 3514 ejus,
365 3449 478 3514 objecit!
784 3453 861 3517 euripi
879 3451 1002 3514 uotiuum
1029 3449 1104 3499 sicuti
1120 3449 1166 3499 lib.
1182 3463 1215 3498 rr.
1231 3451 1321 3499 ‘trec-

244 3527 252 3559 i
269 3525 453 3587 Documentum,
469 3541 513 3588 prro
525 3527 631 3590 numeru]
651 3527 744 3594 Nugsx
784 3535 871 3578 turum
892 3526 1037 3592 conjugeet’
1062 3532 1091 3576 et
1103 3525 1163 3575 lrist.
1175 3539 1219 3576 ιιι.
1234 3524 1318 3592 ‘dum

211 3603 311 3652 oratio:
334 3604 393 3667 quiri
406 3604 492 3652 enirn?
517 3617 567 3652 uon
579 3612 653 3655 entre
663 3607 743 3672 impe·
784 3619 840 3668 quae
853 3604 938 3667 eceipi
949 3609 1082 3667 poterunt,
1093 3601 1246 3666 repinntur.'
1269 3601 1320 3654 Ait

211 3679 340 3729 rotorilrus
374 3694 476 3743 temper
508 3683 591 3730 uxori
630 3698 741 3748 semper.
783 3680 879 3744 igitur:
901 3677 1320 3740 ῠοοιιιοιιιιιιιιοοιΙίἰιριίιιοΙ.

212 3757 282 3809 Quid
300 3771 363 3822 ergo
380 3773 445 3821 opur
463 3757 488 3808 ei
506 3759 544 3808 rei
565 3759 743 3812 documento?
783 3755 858 3819 pibus
868 3756 930 3818 erit,
941 3770 992 3820 quo
1003 3755 1161 3803 documento
1170 3767 1265 3802 uxores
1275 3767 1319 3804 eu·

210 3833 248 3884 Tu
260 3834 371 3896 corrige,
381 3835 490 3898 morundo
502 3851 606 3884 uxorem.
630 3835 742 3900 Lipsius.
782 3830 949 3894 eipiflssisslon
960 3831 1095 3894 ”filiiflii-
1113 3830 1227 3878 Pom.

244 3909 329 3958 Recte
358 3912 519 3958 documentum
544 3925 602 3973 qum
639 3925 742 3976 nempe,
817 3911 1000 3970 Documentum,
1022 3907 1081 3972 pue]
1109 3907 1171 3970 Alli,
1191 3909 1322 3970 quomode,-

211 3983 280 4050 quod
292 3985 475 4036 documentum
485 3986 568 4034 secuti
586 3993 614 4035 et
629 3989 744 4038 umuluti
783 3984 830 4034 red
847 3999 898 4035 non
917 3985 939 4033 is
957 3986 1047 4050 genius
1065 3983 1163 4046 Trciti,
1173 3991 1203 4032 ut
1215 3982 1249 4032 ed
1261 3999 1321 4034 nos·

213 4059 364 4126 principes;
387 4061 429 4110 elii
441 4075 546 4110 uxorum
559 4060 694 4127 ducerent,
704 4078 745 4115 ne-
784 4068 852 4110 trum
868 4063 984 4125 polutum
1003 4058 1099 4122 replet,
1116 4064 1160 4107 rut
1177 4059 1321 4122 loquutur:

212 4133 342 4199 ciperent,
354 4149 406 4184 non
417 4135 587 4185 obducerent.
782 4137 964 4186 lrnnceemunr
983 4149 1043 4183 erse
1061 4140 1140 4197 puto:
1164 4134 1320 4183 ‘statuere-

244 4210 425 4276 Documentum,
435 4213 490 4277 quo]
522 4213 601 4263 Forte
623 4215 745 4282 suppleo.
784 4212 916 4263 turturrno
932 4211 1194 4277 documentumque
1209 4222 1324 4264 uum
