2917 4734
219 283 307 350 1502
575 290 609 338 c.
631 283 810 336 connnon
835 277 962 332 ructor
1160 283 1321 348 [nuno.

720 517 827 570 NOTAE

164 668 169 679 '
221 660 330 726 prolate
352 653 488 706 sententio
516 658 635 718 patrnm;
662 649 749 713 itsqne
789 649 959 712 proposuerat
986 642 1013 692 in
1035 645 1130 695 senatu
1154 640 1228 692 bul
1244 639 1323 690 tiabit

220 751 306 802 neqne
324 741 427 800 patrum
450 743 591 780 consensus
601 726 663 776 sstia
679 725 749 774 innn-
789 719 1013 785 nouaepstribss.
1046 719 1325 768 Etmteotisusn

222 813 348 864 tesccbat.
791 799 823 848 cle
836 812 865 846 re
876 796 1030 861 protulerat,
1040 794 1238 858 rationibusque
1246 801 1275 842 et
1286 807 1327 843 ar·

254 889 292 939 At
304 889 319 938 l
333 900 391 938 ιη.
402 883 447 934 obi
462 883 496 932 tle
508 877 752 942 Antistio-ajuta—
791 873 918 938 gementis
936 870 1062 932 timuerat,
1083 871 1109 918 in
1128 885 1188 920 enm
1199 868 1257 918 sere
1269 883 1328 918 seu·

221 965 256 1015 tis
267 969 399 1022 nrcnastn,
414 973 468 1009 rem
481 953 753 1008 retstsnntconsnles
792 965 866 1010 anm;
882 948 992 998 melitum
1010 946 1119 996 liberine
1139 945 1329 1009 imeoerestima,

221 1040 291 1104 apud
302 1035 488 1099 senemm‚jan
497 1033 642 1096 protulerat
653 1036 754 1078 aenton-
791 1029 832 1089 bc.

222 1117 286 1166 tiu
298 1115 424 1164 Montius
439 1111 526 1161 consul
538 1109 699 1172 designatus,
709 1105 754 1155 coi
827 1105 861 1153 Et
882 1117 910 1152 re
930 1102 1074 1168 proposito,
1090 1101 1212 1166 dictoque
1223 1105 1330 1149 muten-

222 1191 581 1254 mnltipstrcs-assenscrsnt.
596 1187 754 1247 slcqneseo-
795 1179 840 1240 tia,
868 1193 919 1228 non
954 1179 1072 1237 deerunt,
1106 1177 1149 1242 qni
1178 1181 1329 1237 censerent,

222 1266 319 1316 tentiae
341 1280 400 1314 suns
436 1266 613 1328 promserunt,
641 1265 669 1308 st
696 1270 755 1306 cnm
795 1270 888 1320 nempe
912 1256 955 1305 elii
977 1262 1074 1320 potres,
1090 1253 1225 1316 senpaoei
1238 1252 1330 1301 sdrer·

222 1341 347 1392 'lbrasess
371 1339 539 1398 disseruisset,
563 1343 617 1385 tom
644 1333 756 1382 maxima
795 1331 973 1382 conlibertos.
1007 1331 1086 1380 Forte
1108 1335 1136 1378 et
1153 1329 1197 1376 alil
1209 1327 1330 1376 eadere

224 1432 284 1481 para
295 1425 397 1482 petrum
408 1414 504 1478 penites
513 1414 540 1461 is
556 1411 696 1460 sententiosa
707 1409 757 1470 eina
796 1407 952 1458 sententium
964 1407 1096 1466 dicobsnt,
1105 1411 1150 1454 ent
1157 1404 1247 1454 dicere
1254 1417 1330 1467 para-

223 1494 273 1544 iere
281 1509 290 1551 ,⁴
301 1494 382 1556 igitur
393 1501 446 1540 tom
459 1491 568 1552 prolatos
580 1493 638 1534 snm
654 1493 756 1533 sentcn-
796 1485 869 1546 bant,
891 1485 916 1532 in
935 1485 1086 1533 ulterutram
1098 1487 1210 1544 partem,
1223 1481 1245 1528 ai
1259 1485 1331 1528 retu·

223 1568 359 1630 timiama
375 1567 466 1616 relatio
484 1563 673 1621 acousolibns;
693 1565 756 1608 otto·
795 1563 885 1610 iissent
908 1560 1041 1620 consules;
1064 1557 1110 1607 secl
1132 1557 1169 1606 illi
1190 1557 1331 1606 reletiesen

223 1659 277 1694 mes
286 1645 390 1693 monetes
403 1640 516 1706 perficere
530 1643 625 1688 mres
635 1640 756 1686 cennens
793 1637 898 1700 incipere
908 1651 954 1686 sos
966 1637 1017 1684 nuri
1028 1641 1096 1684 aunt.
1131 1633 1272 1686 Quomodo
1284 1633 1333 1697 ipi-

224 1721 338 1770 monn.
796 1720 838 1762 tur
850 1711 1025 1776 perscripsere
1035 1722 1171 1758 ernustum
1187 1714 1293 1770 mna,
1312 1708 1332 1756 sl

257 1797 295 1848 At
306 1802 396 1845 nostro
414 1781 462 1844 lioc
481 1795 540 1842 loco
560 1793 577 1840 l.
591 1803 654 1840 xrrr.
671 1803 755 1854 neque
795 1803 880 1853 neque
893 1789 975 1836 relets
993 1783 1228 1856 resaconsulibna,
1246 1799 1332 1849 neque

226 1873 380 1926 retsnooen
397 1871 549 1933 inceperant
568 1869 699 1929 consules,
714 1881 757 1916 oe·
796 1863 1151 1930 pntrnmdictaeaeoteutiae?
1170 1863 1248 1924 Puto,
1261 1869 1333 1925 post·

225 1963 276 2020 quse
308 1953 397 2012 patres
429 1951 599 2003 censuerunt,
628 1941 756 2006 quomodo
797 1959 872 2009 qoem
893 1957 924 1992 es
945 1956 987 1992 rea
1007 1941 1140 2005 proposita
1157 1937 1217 2000 init,
1230 1939 1338 2002 agitata

225 2025 307 2088 igitur
317 2023 433 2072 scribere
447 2026 588 2084 potnerunt
605 2031 759 2067 consensum
798 2028 838 2070 est
859 2020 885 2068 in
907 2025 1000 2068 senatu
1018 2015 1110 2066 studiis
1121 2015 1242 2076 dirersis,
1253 2015 1294 2064 its
1304 2021 1334 2065 nt

225 2098 346 2150 aeostnai
795 2097 851 2162 jam
873 2096 936 2146 aetia
956 2099 1105 2158 appareret,
1132 2092 1193 2158 qnid
1222 2093 1335 2142 sentiret

260 2175 381 2226 liabetur
408 2179 435 2222 et
455 2172 537 2222 simile
557 2169 619 2236 qnid
649 2183 694 2219 nr.
716 2172 759 2218 22.
799 2174 909 2222 maxims
931 2186 991 2236 pura
1013 2177 1125 2220 senatus.
1157 2169 1253 2232 Sioqne
1275 2183 1335 2218 con·

226 2249 271 2300 nbi
292 2250 371 2298 etiam
390 2256 482 2298 censet
504 2247 629 2308 Thrasea,
651 2259 760 2309 procon·
799 2249 878 2308 aulos,
889 2247 952 2296 licet
967 2261 1020 2295 rem
1032 2259 1083 2294 non
1095 2243 1234 2306 referrent,
1244 2249 1333 2294 tamen

226 2326 294 2375 eules
305 2338 355 2374 noo
371 2324 469 2373 debere
486 2323 615 2372 demereri
625 2322 719 2385 socios,
730 2328 760 2372 ut
800 2327 956 2388 colligeruot
975 2325 1056 2374 veluti
1078 2322 1201 2387 suffragio
1220 2330 1334 2387 potrum,

225 2401 288 2468 lpaia
301 2402 391 2466 gratim
402 2409 513 2464 agentur
523 2401 549 2448 in
560 2398 620 2458 fine,
631 2413 689 2447 cum
701 2411 759 2461 pro·
801 2415 828 2452 et
835 2402 963 2466 scripsere
972 2401 1082 2464 principi
1090 2413 1242 2449 consensum
1252 2399 1334 2460 illum,

227 2475 461 2528 vinciooeconont.
494 2476 627 2526 Sic'l'aciti
637 2475 681 2523 illo
693 2475 761 2536 loco,
801 2484 829 2528 et
840 2486 869 2526 ut
881 2478 907 2526 iu
919 2492 947 2526 re
965 2475 1030 2525 tenti
1042 2475 1174 2538 momenti,
1195 2475 1240 2524 ille
1250 2479 1335 2524 numer

228 2560 365 2618 postquam
381 2553 536 2602 sententiam
559 2566 631 2600 sunm
652 2551 763 2614 protulit
800 2551 1064 2616 wostitntionisfieret.

227 2631 350 2690 torosos,
373 2632 488 2693 ‘magno
505 2643 609 2677 assensn
631 2626 763 2676 celebrate
834 2631 869 2679 Et
891 2629 928 2678 lbl
949 2629 1053 2678 Tecitne
1071 2627 1153 2678 refert
1171 2628 1262 2692 magia,
1273 2626 1335 2693 qnid

228 2706 376 2766 senteutin,’
403 2707 524 2754 turnaco
544 2717 654 2767 nempe:
681 2706 689 2732 ⁴
709 2717 761 2752 non
801 2706 929 2754 sentirent
942 2713 1039 2769 petros,
1055 2721 1141 2770 quem,
1161 2705 1223 2770 quid
1245 2719 1336 2755 cense-

229 2787 317 2832 tameu
335 2783 586 2831 senatusconsultum
608 2779 699 2843 perfici
716 2795 762 2844 po·
801 2789 877 2831 rent:
896 2795 945 2830 non
958 2782 1026 2830 euim
1039 2795 1139 2843 revers,
1148 2787 1204 2830 tnm
1216 2795 1279 2830 rere
1290 2787 1337 2830 ant

230 2859 290 2920 tnit,
299 2856 472 2906 abnuentibus
483 2857 631 2906 consulibus
644 2871 675 2904 ea
686 2855 719 2904 (ie
732 2871 760 2904 re
802 2859 905 2922 proprie
915 2865 1078 2907 censuerunt.
1096 2855 1126 2904 ln
1140 2857 1185 2905 toli
1197 2857 1337 2906 occasione

230 2931 360 2982 notatum!
802 2933 905 2998 quidam
924 2933 987 2983 ordo
1009 2941 1037 2982 et
1057 2933 1138 2982 veluti
1158 2933 1224 2981 certi
1241 2932 1338 2995 gradun

263 3007 401 3071 lglturbic
412 3005 476 3056 ordo
487 3005 546 3064 fnit,
569 3022 628 3056 corn
640 3007 672 3057 de
690 3023 762 3057 aens·
802 3019 886 3061 crant.
921 3009 988 3058 Nam
1006 3009 1047 3057 vel
1067 3008 1142 3072 plene
1164 3008 1338 3072 respuebatur

231 3083 391 3137 tosconanlto
401 3081 560 3147 perficiendo
568 3085 763 3148 ageretnrtpri·
803 3101 854 3149 rea,
872 3085 906 3134 ob
926 3093 1058 3134 auctorem
1080 3085 1228 3144 sententie,
1244 3084 1287 3132 vel
1302 3083 1338 3132 ob

229 3175 273 3211 mo
284 3175 338 3210 rem
350 3159 513 3224 proponebat
523 3168 568 3209 aut
580 3163 668 3210 consol
682 3163 764 3224 desig·
804 3177 858 3210 rem
870 3161 960 3224 ipsam,
968 3168 997 3210 nt
1006 3160 1118 3210 Caecinae
1127 3160 1238 3224 contigit
1248 3175 1338 3230 supro.

230 3243 314 3299 nator,
330 3245 376 3286 ant
395 3251 459 3285 riona
480 3253 496 3286 e
516 3239 642 3301 patrinos,
653 3247 681 3288 ct
693 3239 764 3288 dere
804 3237 855 3286 Vel
868 3252 921 3286 rem
942 3237 974 3285 erl
995 3235 1140 3300 principem
1158 3235 1340 3299 remittebant,

230 3311 365 3376 proposita
383 3312 509 3360 censebat
525 3313 591 3376 ipae,
603 3314 765 3378 proterebat·
805 3319 835 3363 nt
856 3311 925 3376 epod
947 3312 1012 3360 Tne.
1035 3325 1077 3361 nr.
1096 3315 1136 3362 ot.
1155 3310 1341 3374 obtegebatur

232 3401 284 3451 qne
292 3387 457 3451 sententiam,
467 3396 493 3435 et
506 3392 663 3452 argumentis
680 3390 764 3440 lirros-
806 3389 838 3436 de
850 3388 912 3436 lnnn
922 3403 929 3448 3
941 3387 981 3436 vel
992 3403 1045 3436 rem
1056 3388 1190 3451 egitabsut
1200 3389 1225 3435 in
1236 3394 1340 3450 senatu,

232 3461 279 3512 bet
291 3477 298 3521 ς
310 3461 361 3509 ide
373 3463 472 3524 ltepnb.
485 3478 558 3522 οπεος
575 3465 635 3514 dein
647 3469 765 3516 conantes
805 3469 931 3513 ettamen
944 3464 1098 3513 relationem
1110 3477 1159 3512 non
1171 3463 1342 3528 incipiebant,

232 3551 288 3586 rem
299 3536 496 3601 npmlsenstnm
514 3537 672 3597 referebant,
688 3542 709 3589 si
726 3543 766 3607 ip·
806 3546 835 3589 et
856 3546 943 3589 temen
970 3540 1164 3588 inclinationem
1182 3548 1210 3588 et
1232 3553 1343 3589 consen-

231 3611 267 3662 sis
280 3611 421 3671 rideretur,
432 3613 681 3677 etrelationefncts,
692 3631 766 3679 rogn-
807 3631 863 3665 aum
881 3621 983 3665 aenotns
1006 3615 1156 3665 scribebant
1172 3615 1294 3680 principi,
1312 3623 1344 3666 nt

231 3687 454 3750 omnesomnes,
465 3689 622 3754 prolstisqnc
631 3693 767 3743 sententiis
807 3693 855 3742 boc
866 3692 925 3740 loco
937 3704 998 3740 xm.
1011 3695 1053 3740 26.
1170 3737 1171 3740 ,

233 3773 346 3831 patrum,
358 3765 708 3818 bebstseostnsconaultom.
837 3769 886 3816 Vel
898 3768 1050 3817 rotationem
1067 3765 1197 3816 iaciebant
1214 3769 1345 3832 eonsules,

266 3841 309 3891 Sic
321 3849 348 3889 et
363 3841 411 3890 boc
429 3843 486 3892 loeo
505 3849 603 3903 nostro,
621 3846 726 3893 ‘sctum
739 3847 766 3894 iu
806 3853 834 3892 et
854 3845 981 3892 relatione
998 3842 1077 3907 fucta,
1095 3843 1226 3908 dictisque
1237 3853 1345 3894 senten·

234 3923 325 3966 senstu
344 3930 359 3963 s
376 3915 527 3981 quibusdam
540 3929 642 3980 petrum
656 3919 766 3969 ‹leiren-
807 3920 858 3980 tiis,
870 3921 1119 3969 senatusconsultum
1129 3921 1241 3970 nondum
1253 3920 1345 3973 facere

233 3991 310 4041 (libus
330 3992 492 4055 libertorum,
505 3991 723 4058 efflagitatumque
735 4003 765 4045 nt
804 3995 954 4056 audebaot;
978 3997 1126 4047 scribebant
1138 4005 1225 4047 temen
1237 4013 1346 4048 consen·

218 4115 223 4130 ,
235 4065 359 4116 novenos
368 4069 436 4116 mele
448 4069 553 4119 meritos
568 4070 720 4121 revocandos
738 4072 766 4120 li·
807 4087 863 4122 sum
874 4073 945 4122 iltnm
957 4079 1062 4123 senatus
1074 4074 1182 4136 Cursori,
1193 4080 1224 4125 nt
1235 4075 1347 4138 contigit

234 4139 345 4191 bertatis
360 4143 405 4206 jos
432 4147 549 4208 patronis
576 4145 699 4197 daretur!
734 4147 766 4198 ld
809 4159 865 4199 ur.
882 4151 923 4198 tn.
941 4147 986 4200 ubl
1000 4148 1346 4218 enuntiationum
