2917 4734
158 266 297 334 ncne]
512 266 719 317 urrunnun
744 269 816 318 urs.
840 270 930 320 xrn.
1177 256 1266 324 1495

161 407 353 474 ‘Caesarcm
368 429 454 487 esse,
466 411 523 492 qui
538 410 762 491 grassaretur:
778 412 952 494 pernotuit,
967 413 1244 498 augebanturque5
1252 415 1265 452 ⁰

160 510 291 594 iujuriae
317 511 476 574 adversus
499 514 590 575 viros
614 511 835 594 ioeuriuusque
857 512 1031 594 insignes?
1050 521 1083 580 et
1105 515 1266 596 quidam,⁷

158 615 329 695 permissu
346 611 461 677 semei⁸
483 612 628 676 licentia·
651 613 715 674 sub
738 613 871 676 nomiue
896 613 1050 690 NerouiS,
1066 615 1174 678 inulti⁹
1188 636 1266 698 pro-

162 713 260 798 priis'
278 737 355 781 cum
370 719 478 800 globis
501 717 616 780 eadem
642 716 853 793 exercebant,
870 717 904 778 iu
927 717 1061 780 modum
1086 717 1266 800 captivita-

161 927 306 992 principetu
319 943 386 990 esse,
396 931 439 994 qui
452 936 599 993 vagaretur,
609 936 661 978 trun
672 933 695 978 et
704 929 886 980 intendebantur
896 933 1043 982 contumelia
1060 934 1085 980 in
1103 933 1175 995 uirus,
1184 932 1265 980 rnniie·

161 1007 243 1054 resque
253 994 364 1054 illustres,
375 1000 398 1042 et
409 995 503 1058 quidum
512 997 569 1043 duta
579 995 649 1044 tentet
657 994 723 1056 eopia
737 994 779 1043 reb
790 996 899 1045 socubuto
918 998 1029 1057 cmii,
1040 997 1198 1060 pluiturum
1209 1011 1263 1060 pru·

157 1057 221 1120 priis
230 1060 332 1107 trimis
341 1061 421 1108 endem
432 1059 585 1122 usurpabunt,
595 1063 619 1107 et
629 1059 692 1107 celet
704 1059 729 1107 in
740 1065 808 1122 raptu
818 1061 916 1112 ciuitate
923 1075 972 1111 uon
982 1061 1165 1124 transigebatur.
1184 1061 1266 1112 Julius

622 1204 635 1225 0
638 1203 800 1224 ”nunno

159 1299 301 1350 centiores.
335 1301 448 1366 Lipsius,
465 1303 639 1367 acciperet—«i
657 1305 761 1354 vitiose
780 1304 807 1353 iu
826 1304 890 1353 trite.
901 1303 977 1352 tisri.
988 1302 1044 1353 Jes.
1055 1301 1131 1351 Bodt.
1142 1300 1229 1360 etfore
1239 1317 1264 1351 se

161 1366 280 1413 Caesurern
288 1366 429 1430 preferretr
444 1369 535 1432 quibus
547 1369 677 1417 consentit
694 1369 746 1420 bis.
759 1369 827 1418 Bud.
860 1367 926 1416 lude
945 1365 1104 1429 conjiciebat
1123 1366 1148 1417 J.
1166 1365 1265 1415 Grono-

157 1428 227 1481 vius.
239 1434 261 1476 et
273 1445 313 1478 ore
323 1432 454 1479 cicatricem
464 1433 597 1496 preferret.
613 1434 727 1483 Brotier.
762 1435 814 1481 Ms.
827 1446 914 1481 utens:
932 1437 955 1480 et
964 1429 1136 1494 creperterret.
1159 1428 1263 1478 Buden-

160 1492 194 1538 nis
205 1493 331 1543 libeusuo
341 1501 423 1543 teste:
441 1501 464 1544 et
476 1495 534 1555 fore
546 1511 571 1545 re
583 1498 700 1546 i'csurern
710 1497 849 1560 preferret:
866 1495 993 1561 quomodo
1004 1510 1032 1544 se
1045 1493 1172 1554 reperisse
1183 1493 1263 1542 etiem

158 1555 186 1602 iu
203 1556 290 1606 Oxou.
312 1565 422 1607 testatur
438 1560 550 1610 Jacobur
570 1561 715 1611 Gronovius
729 1563 760 1610 V.
773 1562 803 1612 C.
835 1561 859 1608 ui
873 1560 932 1608 iude
943 1557 1015 1619 iecit,
1033 1565 1056 1606 et
1076 1573 1116 1606 ure
1132 1557 1264 1606 ductuum

156 1619 296 1681 preferret:
313 1623 422 1672 auricus:
439 1624 748 1688 oreseeoemntproeferret.
782 1577 832 1673 Sed
853 1625 921 1673 Ftor.
941 1632 968 1672 et
988 1624 1054 1684 Rern.
1072 1623 1202 1682 virgatam
1221 1636 1263 1672 re-

157 1693 329 1746 presentent,
338 1687 398 1750 (uisi
410 1689 478 1751 quod
490 1689 532 1738 trie
542 1690 671 1752 exciperet,
683 1705 730 1752 pro
741 1687 883 1753 occiperetr)
893 1688 1048 1746 videturque
1058 1685 1087 1733 rb
1100 1688 1216 1735 Coescrenr
1228 1701 1261 1734 ex

158 1750 279 1810 sequenti
302 1751 416 1799 membro
440 1767 576 1816 perperam
598 1755 647 1801 truc
668 1753 778 1803 titutum.
803 1754 966 1816 Ruentem—5
991 1750 1147 1812 Augebantur
1168 1749 1264 1810 iniuria

157 1811 275 1863 Brotier.
288 1821 315 1862 et
325 1816 432 1864 Homer.
457 1817 489 1864 Iu
499 1817 562 1866 Mes
574 1821 601 1865 et
613 1817 685 1865 tibris
695 1817 783 1880 editis,
791 1817 991 1878 augebanturque.
1011 1814 1150 1863 Reduudat
1159 1814 1263 1876 copule,

157 1883 188 1924 ut
199 1885 274 1939 petet
284 1878 437 1940 tegentibus.
454 1881 613 1929 Buten-o
625 1881 688 1930 Mss.
702 1883 806 1929 Fsrnes.
817 1889 843 1930 et
856 1878 920 1941 Agr.
931 1887 958 1927 et
970 1877 1062 1941 Ryckii
1075 1877 1140 1926 Cod.
1151 1877 1264 1926 ittuntur.

156 1945 206 1989 -7
223 1943 317 2003 quidem
337 1941 503 1994 Grunor.-8
518 1944 561 1992 Sic
580 1945 633 1993 Ms.
645 1945 715 1993 Pior.
726 1945 807 1993 editio
818 1941 947 2006 princeps,
960 1943 1084 2000 Pirbena,
1100 1939 1217 2002 Ryckius
1234 1948 1262 1991 et

158 2006 326 2054 recentiores.
359 2007 391 2055 ln
403 2007 465 2055 Mss.
479 2008 554 2056 liert.
571 2009 648 2056 liudi.
660 2007 714 2058 Jes.
725 2014 755 2057 'et
768 2008 938 2066 Puteolanus,
955 2006 1058 2058 eridum
1067 2004 1140 2051 riruiti
1156 2003 1263 2053 tieentiu.

158 2072 208 2117 -9
225 2069 266 2117 ltu
278 2070 394 2119 Pictrene
406 2085 421 2119 e
431 2071 482 2120 itis.
493 2072 563 2120 Ftor.
596 2073 628 2121 ln
644 2075 710 2121 Mes.
722 2073 797 2121 Hert.
811 2070 886 2119 Bodt.
897 2070 953 2121 des.
966 2077 994 2118 et
1004 2068 1159 2117 editionibus
1170 2069 1263 2118 veteri·

158 2131 217 2196 bus,
226 2135 369 2183 metti—1⁰
385 2136 477 2185 Mettet
490 2136 601 2198 Lipsius,
611 2144 641 2185 et
657 2136 762 2201 merito,
772 2137 798 2184 in
815 2136 907 2184 mudum
920 2138 996 2198 rupte
1006 2131 1127 2191 ciuitatis,·
1143 2145 1175 2181 eu
1185 2133 1262 2196 euim,

652 2262 760 2314 Norffi

156 2360 240 2405 rstusu
272 2355 367 2406 facient
403 2357 507 2407 ittiueus
546 2357 595 2406 sibi
630 2371 689 2407 cum
729 2365 776 2408 aut
798 2364 850 2408 tum
872 2356 1027 2406 fenttumter
1047 2355 1133 2405 senari
1151 2359 1263 2418 potuere
1342 2393 1357 2408 .

154 2433 231 2481 tirure
247 2446 370 2496 ceraque,
390 2439 420 2483 et
438 2440 529 2483 secuto
543 2433 586 2482 die
598 2441 690 2483 contre
729 2435 807 2494 ictus,
829 2435 890 2497 quin
912 2447 957 2482 ore
983 2428 1122 2496 preferret
1142 2429 1176 2478 sd
1197 2436 1259 2479 tem-

155 2505 264 2569 ismsm,
288 2515 376 2560 cutem
406 2507 533 2557 sincerum
555 2506 689 2557 circumse-
729 2525 786 2574 pus.
1065 2515 1071 2526 '

155 2581 234 2631 rens!
762 2585 823 2636 Non
842 2590 960 2648 puguant
979 2583 1048 2632 iuter
1065 2595 1093 2631 se
1109 2580 1213 2631 Tacitus
1232 2585 1261 2630 et

186 2657 291 2719 Lipsius
302 2658 340 2707 stt
351 2671 440 2706 rerem
457 2658 523 2707 benc
533 2657 686 2708 tectionem:
729 2659 839 2709 Plinius.
872 2659 979 2708 Tacitus
990 2663 1079 2706 uerrut
1089 2657 1116 2705 id
1137 2655 1205 2720 quod
1216 2655 1261 2706 fie-

156 2731 284 2794 Acciperet
305 2732 375 2792 idus,
395 2737 420 2780 et
441 2747 481 2781 ure
500 2732 637 2796 proferret:
659 2740 688 2782 et
728 2735 783 2797 hat,
803 2735 923 2800 quodque
944 2733 975 2782 ru
995 2734 1070 2795 vulgo
1091 2731 1259 2781 naturaliter:

155 2807 507 2858 stabititPtiuiiincutitur.
523 2808 557 2858 de
576 2809 687 2872 enupsit
728 2811 829 2860 Ptiuius
841 2807 1054 2874 quemadmodum
1071 2807 1109 2866 id,
1129 2805 1196 2872 quod
1207 2803 1261 2856 fec-

154 2883 192 2933 At
213 2883 259 2932 tue
279 2885 352 2932 iocus
373 2884 452 2946 ptrue
470 2884 575 2948 quidem
596 2892 688 2934 contre
728 2893 783 2937 tum
794 2894 861 2946 erut,
871 2887 999 2936 celaretur
1008 2897 1039 2933 sc
1048 2882 1260 2933 dissimularetur.

154 2973 212 3008 eim
234 2960 317 3022 ipim
339 2960 477 3009 lectionem
498 2967 560 3009 stat.
592 2961 687 3010 Nonne
727 2965 779 3014 Sed
806 2972 833 3015 ct
855 2965 1007 3028 pierumque
1028 2961 1097 3011 iuter
1122 2956 1261 3008 existentis

154 3033 222 3081 enim
234 3034 589 3096 pugnent,ictusioesefucie
601 3039 686 3100 petum
726 3043 795 3090 mets
814 3047 843 3090 et
863 3041 969 3090 intents
991 3037 1114 3097 remudis,
1136 3032 1261 3098 temporie

154 3108 292 3172 prseterre,
302 3118 330 3160 et
341 3117 428 3160 eutem
442 3112 568 3161 siucerstu
579 3113 687 3162 circum·
728 3115 825 3179 utiquid
839 3113 989 3163 intercedit.
1008 3113 1113 3160 Grouur.

154 3183 241 3233 terre?
258 3185 341 3234 Nemo
360 3193 413 3234 tum
430 3187 503 3250 tstpn
513 3193 564 3249 est,
581 3188 625 3252 qui
637 3187 686 3238 boc
760 3187 991 3251 iArrgeturuturque]
1008 3186 1050 3235 Its
1061 3185 1152 3247 cupio;
1169 3184 1260 3248 sicque

153 3270 205 3308 uon
217 3259 315 3311 vident.
332 3261 463 3312 Aeideiius.
727 3267 876 3327 urgebuntur
891 3263 999 3325 injurie:
1017 3261 1076 3309 tuuc
1095 3267 1124 3308 et
1142 3259 1260 3320 augeban-

184 3335 271 3385 Recte
293 3337 411 3401 Lipsius:
439 3353 500 3388 nem
521 3339 602 3402 Nero,
623 3355 687 3404 quos
727 3347 769 3391 ter
789 3340 883 3402 iniuria
904 3341 1014 3388 oriturus
1036 3337 1106 3398 uiros,
1132 3337 1172 3399 iu.
1197 3334 1259 3384 nihii

153 3411 386 3474 imperaturus,
406 3411 688 3476 preferebatrresst-
726 3417 829 3466 deesse.
1251 3457 1253 3462 .

153 3485 396 3547 temiusute,dum
413 3488 533 3551 sunsbst,
551 3496 589 3550 et,
607 3490 696 3552 prius-⁹
760 3489 906 3552 οΙιίιιιιιί]
940 3487 1017 3538 Anuu
1036 3486 1127 3536 Rome
1146 3483 1260 3536 conditae

152 3575 230 3624 quem
246 3561 358 3624 'tbnpsie
375 3562 503 3626 adbibita,
515 3564 632 3616 merens
646 3582 685 3615 ce·
726 3572 785 3620 nou.
819 3567 917 3623 Christi
934 3567 1039 3616 nitito.
1072 3563 1261 3615 Videuotuse.

150 3641 199 3686 tm
215 3637 521 3700 manutenueritis&
538 3641 686 3706 priusqunm
729 3649 769 3694 ltt.
788 3644 910 3694 Titteuon.

149 3713 297 3763 remedium
314 3713 379 3763 iliud
395 3713 586 3766 sdiuneuisset:
604 3726 632 3767 et
644 3732 687 3767 re-
761 3716 771 3753 ¹
785 3719 861 3768 Institi
870 3715 984 3780 propriis]
1015 3714 1101 3778 Vulgo
1111 3713 1202 3774 renuis,
1213 3713 1261 3764 sed

149 3787 259 3837 risiurite
282 3794 333 3850 est,
354 3803 406 3839 nou
427 3791 517 3840 stetim
543 3798 686 3856 repertum,
726 3795 818 3846 metius
845 3795 925 3844 inubi.
977 3791 1145 3855 Distinguere
1172 3797 1261 3842 tumen

149 3882 210 3916 cum
232 3867 258 3915 ei
278 3864 375 3917 tomum
396 3868 501 3922 dederit
526 3871 597 3920 Nero
621 3871 686 3935 ipre,
725 3874 831 3923 videtur
853 3871 966 3933 Tacitus,
987 3870 1056 3918 iuter
1080 3883 1125 3918 eos
1146 3867 1192 3932 qui
1216 3866 1260 3916 uti

149 3949 220 3992 teste
247 3941 353 3992 Plinio:
381 3958 441 3994 uem
469 3950 498 3995 et
527 3943 685 4010 preferebat
725 3949 818 3998 numine
836 3945 949 4007 Neronis,
968 3951 996 3993 et
1013 3958 1067 4005 eor,
1087 3944 1134 4009 qut
1149 3941 1260 4010 propriis

148 4017 218 4067 lctus
228 4016 298 4068 fecie
314 4033 363 4083 per
381 4020 460 4081 vico-⁴.
476 4020 624 4086 priusquam
642 4022 685 4071 do·
726 4040 785 4080 cunr
798 4024 882 4092 globis
894 4021 1087 4087 grassabuntur.

148 4107 221 4144 mum
237 4093 324 4144 redire
343 4107 449 4160 posset;
466 4111 515 4148 nec
533 4104 588 4148 tem
605 4095 685 4149 iseite
