2917 4734
117 323 253 388 ncne]
477 317 684 368 annuerunt
706 317 780 367 nra.
804 291 876 369 xu.
1142 301 1229 374 1347

620 545 732 598 NOPAE

118 693 356 752 mmmmm.
389 686 428 734 Ex
438 686 493 750 qnis
504 699 565 734 vere
575 685 654 736 corri-
694 683 829 749 Aquilonis
846 683 948 747 dstum,
962 691 992 735 ut
1013 679 1126 735 seeundo
1144 685 1227 738 tinctu

119 763 654 828 muispiscisssissssssemPostsrneram·
695 766 821 810 exeunte
839 761 942 810 Ponto:
963 773 1012 809 nec
1032 761 1081 808 uisi
1100 761 1227 814 intrantes

117 855 185 904 pm.
210 839 256 889 ltu
266 841 370 889 scilicet
381 853 423 888 res
432 848 483 889 est.
512 839 657 902 Copisists
695 837 818 898 Pontum,
831 836 952 899 Byzantii
963 835 1118 899 capiuntur!
1139 836 1228 888 Quid?

119 916 238 981 piscium,
247 912 550 979 (Pelamydessnut)uon
558 916 656 965 intren-
695 926 748 961 non
769 913 920 976 capiuntur,
939 913 989 962 uisi
1010 913 1137 962 intrantes
1161 914 1230 963 Pou-

121 1000 188 1042 tese
199 992 266 1040 mari
276 990 365 1054 AEgreo
376 991 499 1053 Pontum,
510 998 539 1039 ut
550 992 656 1054 religata
696 989 770 1036 tum?
790 994 882 1038 contra
894 995 954 1038 ante
966 988 1042 1052 dixit,
1058 991 1117 1056 cspi
1134 1003 1230 1039 exeun·

119 1067 200 1118 lectio
211 1065 313 1126 suedos,
323 1065 370 1114 sed
381 1071 507 1114 exeuntes
521 1080 656 1130 erumpen-
696 1070 736 1112 tes
748 1063 867 1126 ePonto,
884 1079 936 1114 uon
946 1065 1089 1115 intrantes:
1108 1067 1177 1130 quod
1189 1080 1231 1117 re·

122 1152 216 1209 tesqua
226 1145 375 1207 capiuntur.
408 1143 514 1192 Foetnrs
528 1145 597 1192 euim
614 1158 657 1194 eo-
696 1139 825 1190 tissimum
836 1146 886 1190 est.

120 1236 180 1270 rum
199 1221 225 1269 in
244 1220 381 1283 paludibus
398 1219 531 1268 Maeotidis
547 1225 603 1280 est;
619 1227 666 1268 at„
727 1213 947 1278 inquestione
967 1215 1047 1266 Ponti
1058 1217 1229 1284 Propontidem

121 1311 176 1362 que
186 1297 247 1346 iude
257 1296 348 1352 sduiti,
358 1309 438 1360 grege
450 1292 530 1356 facto,
541 1294 655 1344 Pontum
696 1290 874 1351 substituuut;
890 1291 1032 1342 Pincianus
1046 1299 1129 1344 totum
1144 1293 1229 1344 iocum

119 1371 364 1436 Propontidemque
386 1370 497 1426 intrent:
521 1377 600 1434 stqne
619 1369 655 1419 ibi
685 1365 818 1416 -rescribit
828 1367 1010 1431 confidentius,
1018 1383 1060 1418 nec
1070 1368 1117 1416 nisi
1126 1367 1231 1428 insontes

120 1453 243 1512 captura.
693 1448 750 1492 tune
763 1445 879 1508 Byzantii
888 1446 1023 1509 cupiuntur.
1058 1447 1177 1494 Fortasse
1187 1461 1230 1495 ve·

152 1523 250 1572 Strubo
261 1523 331 1571 clere
343 1522 368 1591 l.
380 1535 431 1572 rrr.
447 1536 526 1585 super
538 1521 586 1571 hac
598 1521 656 1585 ipsa
694 1520 757 1583 rius,
768 1521 907 1587 simplicius
919 1529 1001 1584 corte,
1011 1521 1127 1572 intrantes
1133 1525 1230 1586 pomum
1269 1573 1273 1580 ,

120 1613 150 1648 re
161 1605 242 1662 atque
253 1598 342 1660 pisce:
359 1598 366 1623 ⁸
378 1597 503 1646 Nascitur
515 1597 595 1660 igitur
603 1596 657 1644 eni·
694 1596 819 1661 Byzantii,
838 1605 868 1647 ut
879 1597 911 1646 ad
924 1599 1006 1660 ipsum
1018 1596 1142 1662 oppidum
1154 1603 1182 1648 et
1201 1597 1229 1650 in

119 1673 183 1738 rusi,
202 1672 524 1738 (Pelmpdmintettigtn)
542 1674 569 1722 iu
587 1674 657 1736 pelu-
695 1681 774 1736 portu
783 1671 863 1723 fuerit
874 1689 905 1724 eu
915 1681 1033 1736 captura.

120 1750 198 1800 dibus
213 1750 355 1813 Maeotidis,
366 1756 395 1800 et
411 1765 469 1800 cum
480 1751 586 1814 paulum
596 1751 656 1799 sdo·
729 1749 796 1798 Nam
808 1764 890 1798 cornu
907 1749 982 1812 illud,
993 1751 1025 1798 ad
1043 1750 1111 1814 quod
1128 1746 1229 1802 defere-

119 1824 225 1886 leserit,
234 1824 347 1887 erumpit
357 1839 405 1886 per
415 1826 509 1875 ostium
519 1825 657 1888 gregatim,
696 1821 801 1886 bantur,
822 1823 874 1875 suit
903 1823 1021 1888 προσεχὲς
1046 1828 1081 1885 τῷ
1109 1824 1230 1888 Βυζαντίῳ

121 1907 149 1951 et
160 1898 283 1950 defertur
294 1899 326 1948 ad
338 1899 413 1948 littus
424 1899 580 1963 Asiaticum,
590 1901 656 1950 Tru·
694 1898 789 1960 relxnr
807 1899 834 1947 ld
847 1907 896 1962 est,
905 1899 1040 1961 cmtiguum
1050 1900 1166 1964 Byzantii
1175 1915 1230 1950 snoe·
1338 1903 1342 1910 '

120 1981 261 2040 pemntcm
272 1973 477 2024 etPtmrnseiam
489 1974 589 2039 nsque!
695 1974 774 2036 nidus,
794 1978 824 2023 ut
842 1973 934 2024 Strabo
955 1975 1005 2024 ait:
1025 1975 1112 2035 immo,
1130 1981 1159 2024 ut
1176 1973 1230 2025 Pii-

153 2051 192 2100 Et
212 2051 291 2114 penio
310 2057 387 2114 post:
412 2050 573 2116 ‘Postquam
595 2063 657 2099 vero
696 2050 763 2114 nius,
779 2050 804 2098 in
821 2050 878 2114 ipso
896 2051 940 2100 iilo
961 2052 1148 2116 promontorio,
1160 2051 1231 2117 quod

116 2125 304 2190 jamperuenit
316 2125 350 2174 ad
361 2126 488 2190 Cyaneas,
498 2131 527 2184 et
537 2126 606 2189 ipsas
616 2141 656 2176 sn·
697 2124 785 2176 Cornu
796 2135 900 2192 vocent,
915 2127 1069 2192 Byzantium
1080 2127 1149 2178 urbs.
1181 2127 1231 2178 At-

121 2203 237 2266 persrit,
247 2215 280 2250 ex
290 2201 519 2252 chalcedoniorum
529 2201 657 2265 ripainci·
696 2218 747 2268 qus
763 2202 800 2253 ibi
810 2203 837 2252 iu
849 2203 946 2252 multos
955 2203 1024 2253 siuns
1041 2203 1158 2264 scissum,
1175 2209 1231 2254 tan·

121 2278 188 2331 dens
217 2284 296 2342 petre
320 2277 438 2342 quaedam
459 2277 519 2327 alba
541 2282 657 2327 exterret
697 2292 775 2343 qnam
786 2291 881 2340 ramos,
892 2276 974 2327 rlrolr
991 2277 1137 2338 mmmm
1152 2276 1168 2337 ἣ
1182 2283 1231 2340 ltn-

121 2354 286 2414 snimsutes;
301 2353 339 2402 tu
350 2359 379 2402 ut
387 2353 475 2404 statim
486 2354 512 2403 tn
521 2354 657 2404 adversam
696 2351 774 2415 napus
784 2352 916 2418 ἁλίσκεται,
935 2354 965 2402 In
982 2369 1037 2416 quos
1052 2367 1174 2417 mmpesss
1185 2354 1232 2404 Pe·

121 2444 194 2480 orum
214 2444 244 2480 se
264 2435 428 2479 convertant.
471 2431 506 2480 Et
526 2431 564 2479 ibi
585 2427 656 2479 fluxu
696 2431 772 2496 temps
788 2431 891 2494 copim,
909 2427 1024 2479 iaciebat
1041 2428 1100 2478 urbi
1117 2429 1156 2478 1111
1173 2443 1233 2493 por·

121 2505 200 2556 mstis
219 2505 393 2567 secundante,
412 2505 486 2555 simul
503 2520 563 2554 cunr
582 2506 657 2569 iocis,
697 2510 762 2555 turn.
795 2504 947 2554 Strabonem
959 2503 1028 2553 ride.
1164 2501 1168 2510 '

121 2582 168 2646 qui
178 2596 226 2631 sua
236 2590 329 2630 statura
339 2580 458 2645 ultroque
467 2580 609 2646 profluenti
618 2582 658 2630 ilii
729 2580 773 2631 Ad
790 2583 979 2634 correctionem
995 2587 1111 2633 nostram
1130 2587 1159 2632 et
1179 2583 1234 2634 exl-

122 2656 263 2720 opportuui
275 2664 346 2720 sunt,
362 2655 484 2706 adsersus
494 2657 659 2723 Byzantium,
697 2662 753 2707 tum
765 2657 873 2721 piscium
886 2673 901 2708 e
914 2657 1009 2720 Ponto,
1019 2657 1082 2708 tacit
1093 2659 1168 2719 vaide
1176 2661 1232 2712 Sul·

121 2737 148 2780 et
156 2731 228 2796 qnod
235 2745 318 2796 prope
327 2731 658 2797 estpromoutorium‚flexo
697 2734 770 2784 iustii
791 2735 872 2799 locus,
892 2735 960 2799 spud
981 2735 1097 2785 Serrium
1113 2737 1131 2787 1.
1146 2750 1185 2788 sv.
1204 2743 1232 2787 et

120 2820 258 2874 pronoque
269 2809 313 2856 ilio
329 2805 426 2859 fluento
438 2809 573 2871 undarum,
584 2816 658 2860 natu·
697 2811 831 2864 ,iuvenalis
848 2811 1018 2876 interpretem
1035 2811 1089 2863 Sat.
1102 2825 1137 2864 tv.
1153 2812 1233 2866 ‘Qus

121 2882 214 2933 raliter
224 2884 277 2932 truc
287 2884 436 2947 irrumpunt
445 2885 541 2948 pisces,
553 2893 581 2934 et
589 2900 658 2950 prae·
698 2893 858 2950 tempestate
876 2887 985 2952 piscium
1009 2888 1047 2937 vis
1069 2889 1155 2938 Ponto
1173 2903 1233 2940 esu·

120 2955 187 3008 bent
206 2959 343 3022 Byzantiis
374 2959 521 3024 populoque
541 2960 657 3034 Romano
697 2961 756 3026 pit!
788 2963 895 3027 Tamen,
914 2979 947 3015 ne
959 2964 1053 3014 callide
1065 2963 1232 3028 dissimulem,
1317 2955 1321 2962 '

121 3033 252 3098 insignem
267 3034 400 3086 reditum!
697 3037 827 3102 vulgatum
839 3041 978 3090 lectionem
990 3042 1024 3090 D.
1034 3038 1185 3090 Ambrosius
1197 3039 1234 3094 ts·

153 3111 307 3175 Eademque
329 3126 363 3161 ex
389 3109 531 3161 Aristotele
550 3111 657 3176 colliges
697 3111 1142 3176 firmarevidetur,Hexum.v.1⁰.
1156 3115 1163 3143 ‘
1175 3114 1233 3165 Pis·

121 3187 141 3236 1.
152 3199 218 3236 ms.
238 3187 273 3236 de
291 3186 398 3236 historia
416 3186 562 3236 animalium
578 3202 603 3238 c.
617 3192 657 3237 1³.
698 3191 759 3253 ces,'
779 3191 873 3256 iuquit,
889 3192 939 3238 ‘ex
957 3190 1072 3253 piurimis
1083 3190 1155 3251 locis,
1167 3205 1182 3238 a
1193 3189 1233 3242 dl·

121 3261 239 3312 Piiuisni
250 3263 349 3311 codicis
360 3261 480 3311 mendum
491 3277 542 3314 uon
553 3263 617 3312 sileo
630 3263 657 3312 iu
698 3279 773 3315 verso
796 3266 852 3315 sinu
881 3264 969 3327 muris,
996 3265 1133 3326 innumeri,
1159 3264 1232 3314 velut

121 3337 416 3399 decurtationem.
430 3343 470 3388 lt.
489 3338 497 3366 ‘
509 3338 558 3387 Est
569 3339 597 3387 in
608 3339 658 3388 En·
698 3342 826 3393 communi
846 3341 952 3394 consilio
965 3341 1161 3402 convenientes,
1172 3354 1232 3400 con·

122 3416 196 3482 ripo,'
210 3415 259 3478 ait,
271 3416 279 3443 ‘
291 3416 394 3466 'liuecii
409 3416 548 3479 Bonptsori²
557 3417 584 3465 in
595 3417 658 3480 ipsis
694 3419 789 3482 juncto
810 3418 910 3482 nmine
932 3415 1008 3466 tistns
1033 3415 1167 3482 Aquilonis
1187 3429 1232 3482 pe·

91 3513 99 3524 ·
123 3491 255 3556 Europam
274 3491 415 3556 Asiamque
433 3494 577 3556 separantis
595 3493 658 3544 freti
699 3501 768 3556 tunt,
788 3501 815 3543 ct
838 3493 871 3542 ad
892 3493 956 3544 iilud
979 3493 1232 3556 septemtrionalium

123 3566 261 3631 augustiis,
273 3582 364 3616 suum
376 3568 434 3616 miri
445 3567 573 3630 candoris,
589 3582 659 3618 avs-
697 3586 770 3620 mare
789 3571 912 3642 partium,
931 3570 1039 3635 quedam
1051 3577 1151 3618 unturae
1163 3569 1231 3634 lege,

122 3639 158 3691 do
167 3643 201 3692 ad
213 3655 313 3691 summa
324 3645 471 3705 perlucens,
484 3644 563 3706 juxte
582 3644 657 3693 01111-
697 3646 865 3697 contendunt.
907 3646 995 3708 Dicas,
1018 3647 1039 3695 si
1061 3645 1231 3695 ascendeutes

122 3717 249 3767 uodonem
268 3719 294 3766 in
313 3719 395 3768 lutere
414 3717 491 3768 Asine.
526 3719 613 3782 Hujus
631 3733 656 3767 a·
697 3722 796 3784 videas,
815 3724 920 3772 rheuma
943 3722 1070 3787 quoddam
1093 3735 1168 3775 esse:
1194 3721 1233 3792 ite

122 3803 216 3858 spectu
227 3805 337 3860 repente
347 3797 442 3856 territi,
451 3811 555 3859 semper
566 3795 657 3845 adver·
697 3806 833 3863 prorrnrnt,
843 3797 989 3866 fluctusque
1004 3801 1172 3858 intersecant,
1183 3812 1232 3861 pet

122 3884 181 3920 sun
198 3871 320 3936 Byzantii
342 3873 555 3935 promontorium,
574 3885 607 3918 ex
626 3885 658 3918 es
698 3875 889 3938 Propontidem
915 3875 941 3924 in
964 3877 1094 3932 Euxinum
1117 3875 1231 3930 Pontum

121 3945 658 4012 censsappetissumcnrysocem‚praeci-
697 3949 812 4000 violento
835 3950 933 4015 impetn
959 3949 1135 4016 profluentes!
1178 3947 1231 4006 Sed

121 4022 174 4090 piti
195 4013 291 4087 petunt
311 4025 424 4088 agurius.
461 4023 556 4088 Itaque
578 4022 659 4072 omnis
697 4040 759 4074 mox
771 4025 853 4087 addit,
864 4027 999 4090 ingruente
1011 4027 1233 4090 hyeme,etpost·

120 4105 234 4160 ceptum
243 4099 364 4163 Bymutii
381 4106 431 4164 est,
450 4114 541 4164 magna
552 4097 658 4148 Chalce-
698 4114 774 4166 qnam
786 4100 822 4150 ibi
832 4101 1035 4164 testificaverint,
1051 4100 1176 4150 immenso
1187 4114 1231 4170 ag·

120 4172 200 4226 donis
219 4175 337 4242 penurie
370 4174 552 4242 opperiuntur
570 4181 657 4226 autem
695 4176 891 4240 minerepredi.
917 4176 985 4228 Vide
993 4177 1087 4242 locum,
1095 4181 1124 4228 et
1134 4181 1231 4228 utrum·
