2917 4734
206 321 295 394 1856
555 339 586 388 o.
609 339 789 388 coeuntis
813 338 940 388 neutri
1155 340 1311 409 [enne.

704 531 813 584 NOTAE

205 631 312 681 slterssu
330 627 513 694 laepidmnisi
532 645 565 680 ex
583 630 680 692 Dione,
689 631 738 679 Ts-
811 628 927 680 Advorte
939 629 1018 681 etism
1030 631 1119 681 sedulo
1137 631 1238 682 siluisse
1249 631 1315 684 Dio·

205 705 269 768 cito,
285 712 331 754 ent
343 721 376 754 ex
389 707 513 756 Suetonio
526 707 666 770 precipue.
701 705 738 755 At
778 721 836 755 netu
848 721 880 755 eo
891 707 949 756 loeo
961 715 988 755 et
1001 715 1117 771 tempore
1128 708 1253 773 historin,
1261 723 1315 774 quo

204 787 277 830 certe
289 781 374 844 potins
390 782 548 831 contrarium
564 783 694 831 evincitur
705 797 738 832 ex
777 781 868 844 Lepido
878 784 1027 832 testimonio
1035 783 1147 833 Neronis
1153 781 1313 834 efflicteeslr

203 856 263 920 ipso
282 857 405 906 Suetonio
424 866 537 922 quotuor
554 857 627 920 locis,
645 858 737 921 quibus
777 857 838 921 quie
849 859 917 907 heud
938 859 1015 908 dtrbie
1034 866 1089 909 tum
1109 866 1210 908 tautum
1229 867 1320 909 exter-

204 929 408 996 Lepidreenritee
422 933 533 982 Neronis
545 933 671 982 merniuit.
779 933 1224 999 riteestebrlgrlpplne,uonvero
1234 937 1319 986 iuter-
1383 979 1387 988 .

236 1011 261 1058 l.
278 1008 343 1058 Ner.
363 1015 389 1057 ⁵.
410 1009 449 1057 sic
467 1008 563 1059 babet:
587 1009 737 1058 ‘Domitius
777 1004 848 1056 secte
859 1010 907 1058 sub
918 1009 1037 1060 Claudio.

203 1083 348 1147 mejeststis
371 1097 473 1148 quoqne
500 1091 527 1134 et
552 1084 738 1133 adulteriorum
811 1083 895 1133 Quem
913 1083 1013 1134 cedem
1033 1086 1101 1136 bend
1121 1086 1199 1135 dubie
1219 1101 1318 1137 merno-

203 1157 347 1223 incestique
367 1174 425 1208 cunr
447 1175 535 1212 sorore
557 1160 667 1224 Lepide,
690 1161 738 1210 sub
779 1165 860 1207 resset
883 1157 928 1208 ille
951 1165 1043 1208 snctor
1069 1161 1102 1208 ob
1129 1161 1317 1211 claritudinem

204 1247 312 1284 excessu
323 1233 429 1299 Tiberii,
439 1249 508 1298 reus,
517 1237 662 1286 mutatione
675 1246 738 1287 teru-
778 1230 899 1296 sumine,
914 1241 943 1284 ut
957 1251 1015 1300 qoae
1029 1235 1223 1300 propinquitate
1235 1236 1320 1286 domi·

204 1309 409 1373 pornmesesitss
664 1307 667 1310 ’
778 1316 869 1359 nentes
885 1310 1058 1375 contingeret.
1093 1310 1168 1360 Unde
1185 1311 1319 1362 evincitur

237 1389 263 1436 2.
279 1385 402 1435 Meminit
421 1387 526 1437 sueton.
547 1389 612 1440 Ner.
632 1403 692 1452 cep.
711 1393 736 1438 d.
779 1399 902 1435 bonusne
921 1392 975 1436 turn
996 1387 1160 1436 intereuntem
1179 1387 1318 1452 Lepidum,

204 1462 311 1511 ‘Metro
331 1464 409 1512 etlam
429 1465 555 1526 relegste,
568 1480 642 1527 paeue
663 1466 738 1528 inops
779 1461 824 1509 sed
835 1469 936 1511 tentum
945 1461 1016 1522 sorte
1026 1464 1145 1512 exulasse
1158 1463 1190 1512 ed
1201 1471 1319 1530 tempus,

202 1543 282 1603 etque
300 1553 389 1601 egeus,
400 1539 470 1602 spud
489 1541 593 1592 sonitem
611 1542 738 1606 Lepidam
778 1541 977 1602 reuocatumque
994 1537 1026 1586 eb
1045 1539 1102 1602 ipso
1114 1539 1220 1588 Nerone
1232 1539 1318 1604 irnpe-

203 1612 318 1662 nutritus
329 1613 388 1663 est!
778 1619 861 1664 rente.

236 1691 261 1740 S.
277 1689 438 1740 Meotiouenr
457 1690 523 1742 fecit
540 1691 658 1756 lepide,
670 1693 735 1742 Ner.
810 1688 843 1737 ln
852 1703 966 1740 errorent
978 1689 1079 1740 induxit
1089 1691 1205 1755 Lipsintu
1216 1691 1318 1756 duplex

204 1779 229 1815 c.
239 1768 265 1814 l.
280 1764 413 1814 ‘Amitem
432 1767 511 1816 etism
523 1769 647 1832 [lepidum
665 1784 736 1818 reem
778 1766 850 1816 locus
860 1767 991 1818 Suetonii:
1011 1769 1079 1817 ulter
1096 1783 1147 1834 quo
1163 1769 1317 1825 testimonio

203 1839 353 1892 testimonio
364 1857 451 1892 corum
462 1843 573 1908 sillixit,'
583 1860 640 1910 sup.
658 1847 735 1896 Nero:
780 1843 893 1893 Neronis
905 1843 1027 1894 elllictsru
1046 1859 1103 1894 esse
1123 1845 1249 1908 Lepidum
1262 1850 1317 1894 trs·

203 1916 332 1982 deincep.
349 1921 389 1969 Sl.
408 1920 444 1968 sic
462 1920 557 1970 hebel:
574 1921 737 1986 ‘Junxitqne
779 1917 827 1980 dit,
844 1919 910 1968 slter
920 1934 970 1984 quo
987 1921 1084 1968 astitum
1100 1919 1197 1982 largius
1209 1919 1316 1982 pnrgsrl

202 1994 345 2056 parricidio
356 1997 447 2044 matris
458 1997 546 2046 entitae
558 1995 666 2046 necem!
683 1999 738 2048 No·
773 1991 853 2056 jubel
864 1993 932 2043 fldem
941 1994 1025 2054 Νθῐθί
1037 1993 1124 2060 deque
1136 2009 1193 2043 Μ
1205 2009 1317 2044 “fleme

203 2077 240 2132 ts,
250 2085 308 2119 eern
320 2086 422 2134 semper
433 2073 549 2136 sppellet
559 2074 691 2136 lapidem
709 2081 738 2123 et
778 2082 879 2117 veneno
890 2068 1050 2118 existimetur
1068 2077 1118 2132 est,
1134 2075 1164 2120 ul
1183 2075 1211 2119 et
1229 2069 1316 2121 trudit

202 2146 303 2196 ewam
321 2147 475 2210 simpliciter
493 2150 542 2197 hoc
559 2149 650 2198 ultimo
669 2149 737 2213 loco,
777 2142 894 2192 disertim
906 2141 977 2206 Dio;
998 2153 1025 2195 et
1037 2145 1096 2194 exin
1108 2143 1239 2196 inferebat
1251 2147 1317 2210 Lip-

203 2221 274 2272 uude
284 2223 414 2286 colligitur
421 2222 565 2286 evidenter,
572 2223 651 2273 fnisse
659 2239 737 2276 uuum
776 2217 828 2266 ⁸5¹1!
839 2215 920 2268 fuisse
932 2218 1062 2284 duplicem
1073 2221 1188 2283 emitum,
1197 2219 1316 2286 laeps'dun

203 2299 364 2363 eundemque
375 2300 480 2350 omium
493 2300 621 2350 Neronis:
639 2301 737 2366 ulloqui
777 2308 879 2358 nempe,
899 2311 957 2360 quoe
980 2298 1128 2346 testimonio
1149 2295 1246 2347 efflicte
1264 2304 1317 2362 est,

203 2373 295 2424 debuit
306 2374 350 2426 bic
360 2373 519 2438 distinguere
531 2375 677 2426 Suetonius.
771 2370 850 2433 juxte
869 2373 1032 2439 Suetonium,
1048 2381 1077 2424 et
1093 2375 1212 2436 elterenr,
1227 2375 1317 2425 Dosss'·

237 2450 307 2500 Nem
325 2465 359 2500 ex
379 2451 556 2515 suppositione
577 2451 669 2516 Lipsii‚
690 2452 738 2502 Le-
776 2447 835 2496 ts'usrs
851 2463 956 2514 nempe,
967 2464 1025 2514 quse
1036 2465 1097 2500 mox
1110 2450 1250 2515 occiditur,
1262 2451 1318 2500 ler-

203 2524 266 2590 pide
292 2526 440 2578 testimonio
462 2528 519 2591 jesu
552 2535 613 2578 ente
640 2527 738 2579 efflicte
777 2525 966 2590 giuspnrgors.

202 2608 275 2666 erst3
291 2604 381 2670 sicque
400 2604 492 2655 debuit
510 2605 551 2656 bic
567 2605 736 2670 distinguere,
808 2602 859 2654 Sed
872 2611 945 2653 certe
962 2603 1052 2667 Lepido
1071 2603 1127 2653 bec
1148 2607 1176 2654 et
1194 2603 1317 2670 Destitit,

203 2687 264 2730 utre
274 2680 355 2730 eruite
366 2680 409 2729 bic
422 2681 562 2744 parricidio
573 2681 685 2732 Neronis
693 2695 737 2732 ue·
776 2694 828 2729 uus
843 2678 984 2744 eademque
1001 2694 1113 2743 persons
1130 2685 1179 2742 est,
1193 2686 1223 2729 ut
1241 2680 1316 2730 clere

202 2761 263 2805 ests
274 2755 317 2804 sit.
351 2756 387 2805 Et
397 2764 459 2805 note
470 2755 570 2819 sedulo,
585 2756 735 2808 Suetonium
776 2760 851 2820 petet
861 2769 894 2804 ex
903 2753 968 2804 Teo.
979 2756 1029 2805 boc
1040 2755 1114 2805 loco:
1132 2756 1169 2804 nil
1181 2755 1279 2805 certine
1292 2756 1317 2806 si

202 2831 348 2898 scripsisse,
357 2831 483 2894 Lepidum
502 2829 583 2882 luisse
601 2832 736 2882 testium
776 2828 894 2881 conferre
906 2831 1093 2882 relis'l'ueitntu
1103 2846 1162 2880 oum
1170 2831 1306 2881 Suetonio.

201 2907 323 2972 ΨΜ,
333 2907 449 2972 nihilque
468 2908 538 2956 ultre
556 2907 667 2968 rddere3
682 2922 736 2958 uon
807 2909 868 2957 lec.
880 2907 923 2958 blc
938 2909 976 2958 sic
992 2907 1086 2958 hebet:
1104 2907 1223 2972 ‘Lepide
1240 2907 1318 2957 blen-

203 2982 273 3032 enirn
282 2981 348 3032 dicit
360 2981 439 3032 fnisse
449 2981 625 3034 intersectum.
776 2981 898 3032 dimentis
920 2989 947 3032 et
969 2981 1150 3047 largitionibus
1166 2982 1316 3047 juvenilem

234 3057 271 3106 Et
281 3064 354 3107 certe
364 3053 433 3106 torte
445 3065 499 3107 tum
510 3071 556 3106 res
567 3065 625 3107 eret
635 3058 736 3124 Lepide
773 3059 886 3109 solmone
906 3059 1034 3126 (Neronis
1054 3057 1161 3122 nempe)
1180 3056 1315 3110 devincie-

202 3132 296 3184 lucesti
314 3131 469 3184 cumfratre
489 3135 645 3199 perpetreti,
665 3135 735 3202 quod
774 3133 838 3185 bat!
870 3135 906 3184 Et
923 3133 1030 3183 Suetou.
1047 3133 1113 3184 Ner.
1134 3145 1231 3182 xxxiv.
1250 3133 1317 3184 emi·

200 3224 255 3260 uon
271 3210 418 3274 probatum,
429 3211 479 3260 nisi
489 3211 638 3263 testimonio
651 3214 734 3264 Nero·
775 3218 830 3261 tens
845 3209 921 3261 ‘curu
933 3225 966 3260 err
983 3209 1081 3260 duritie
1098 3208 1150 3258 elsi
1169 3208 1315 3260 cubeutem

200 3283 240 3333 uls
253 3284 327 3347 pueri
339 3285 434 3350 adbuc,
451 3293 479 3336 et
497 3286 523 3336 id
541 3289 620 3338 metri
638 3288 735 3352 grstiti-
777 3287 904 3350 visitaret,
915 3293 943 3336 et
963 3285 1008 3336 ille
1028 3292 1145 3336 trectens
1163 3285 1315 3349 lenogineus

201 3361 304 3412 cssstis:¹
326 3363 395 3426 quod
416 3363 522 3424 crimen,
542 3363 647 3416 ferente
667 3366 736 3416 Ner-
775 3363 842 3428 ejus,
862 3371 891 3413 ut
913 3363 1019 3424 essolet,
1035 3361 1091 3426 jem
1113 3359 1220 3424 grundis
1239 3365 1316 3425 neto,

201 3437 279 3500 cisso,
288 3435 365 3487 focile
376 3439 491 3488 evanuit.
776 3435 827 3501 per'
844 3437 984 3488 blendities
1004 3435 1074 3491 forte
1094 3436 1212 3498 dixisset,
1229 3435 1324 3490 Simrsl.

234 3513 308 3564 Note
328 3514 408 3564 etiem
427 3515 542 3580 lapidea
563 3518 629 3567 bone
648 3519 735 3570 soceri
775 3515 841 3564 benc
853 3529 992 3580 excepero,
1006 3513 1070 3564 mori
1082 3509 1218 3577 rolo,'&o.
1231 3511 1315 3577 igitur

200 3588 343 3652 inpudicum
353 3605 370 3640 e
379 3590 491 3653 Tsoito;
507 3593 577 3658 quod
593 3593 735 3660 respondet
776 3605 826 3641 oue
837 3590 928 3640 eedem
946 3589 1004 3654 ipse
1015 3596 1057 3660 esp
1067 3590 1155 3653 emite,
1170 3601 1229 3654 quse
1242 3596 1316 3639 ntro·

199 3663 241 3716 bis
261 3665 379 3716 Suetonii
401 3666 504 3716 serbis:
531 3668 735 3720 ‘edulteriorum
775 3668 855 3732 bique
866 3667 967 3719 Neroni
977 3665 1152 3716 sbblsuclitur.

200 3742 348 3807 incestique
364 3758 424 3794 cum
439 3759 527 3794 sorore
545 3746 665 3811 lepids,'
682 3750 734 3798 be.
808 3743 902 3808 ltsqne
915 3741 1005 3792 confer
1017 3743 1113 3808 passim
1122 3741 1240 3792 'l'scitum
1251 3755 1314 3792 cum

200 3831 259 3882 quse
270 3819 363 3882 lapido
381 3830 434 3869 une
452 3820 595 3886 csdemque
614 3830 656 3871 est
674 3837 734 3873 cum
774 3819 908 3884 Suetonio,
919 3827 947 3870 et
957 3819 1074 3870 Tacitum
1093 3833 1153 3869 cum
1163 3819 1268 3884 Tacito,
1280 3835 1315 3871 ec

200 3894 326 3955 Domitio,
350 3893 420 3959 qnod
440 3894 611 3947 clerlssimuru
637 3905 679 3948 est
700 3913 734 3948 ex
774 3895 926 3948 Suetonium
937 3911 996 3946 cum
1010 3897 1135 3946 Suetonio
1151 3895 1225 3960 lpsu;
1242 3897 1334 3948 clere·

200 3969 291 4020 'l'scito
310 3970 369 4022 bio:
391 3965 653 4040 ‘Celersre'ststuie
674 3990 733 4040 per.
774 3971 917 4038 perspicies
929 3969 1097 4022 uneml'uisse
1109 3974 1214 4022 emitum
1226 3973 1315 4024 Nero·

201 4043 258 4095 dits
275 4046 346 4110 prius
361 4047 589 4100 Domitielesibus
599 4057 627 4100 et
646 4049 735 4101 soulie-
773 4049 825 4114 nis,
836 4064 931 4114 nempe
942 4049 1068 4114 Lepidsns
1084 4047 1237 4110 Domitium,
1252 4064 1313 4113 que

200 4117 290 4168 bulbus
310 4121 408 4173 csusisr
429 4123 491 4188 quis
511 4123 614 4192 Lepide
633 4125 734 4178 minore
774 4140 827 4179 rins
845 4128 894 4177 boc
906 4123 1004 4192 duplici
1022 4123 1148 4176 rocsbulo
1167 4125 1314 4190 appellere·

181 4246 183 4249 ,
202 4191 316 4245 Autonls
326 4195 430 4261 geults‚'
441 4201 491 4249 dre.
774 4211 826 4253 tur.
