2917 4734
137 289 272 354 scen]
469 280 675 330 snnrnrnu
699 279 775 328 ιιι.
798 276 886 333 ιιιιι.
1151 269 1244 339 1497

138 428 281 496 sisoius
293 425 364 496 est.l
407 427 500 494 Nero
513 434 637 507 nutem,
649 428 846 494 mstnmtior
867 427 901 490 in
921 433 1102 510 postorum,
1117 429 1240 514 milites

139 532 205 596 sibi
229 540 266 596 et
290 531 470 613 plerosque
495 531 731 612 gladiatores*
753 529 981 608 circumdedit,
1007 533 1064 614 qni
1088 532 1238 598 rixarum

136 633 232 697 initia
259 632 392 696 modica
421 640 457 695 et
484 632 582 714 quasi
610 633 741 714 privata
768 630 928 696 sinerent:
957 633 987 694 si
1017 653 1039 698 a
1059 632 1150 698 laesis
1177 655 1238 702 vn·

136 731 235 800 lidius
250 736 410 815 ageretur,
426 749 516 796 anna
536 732 728 795 insenont.¹⁵
785 731 961 795 Ludlorum
983 751 1114 816 quoqne
1136 734 1237 800 licen·

137 836 217 899 tiam
247 843 282 898 et
311 833 457 897 fautores
489 833 704 898 histrionumm
739 832 827 896 velut
855 833 889 895 in
917 831 1034 916 praelin
1063 835 1237 900 convertita

135 1033 201 1090 itero
211 1041 339 1090 sortieris
352 1039 472 1101 fuimis,
483 1039 594 1102 adjumsit
603 1039 649 1086 sili
662 1039 758 1102 militer,
770 1043 793 1089 et
805 1037 831 1088 ln
843 1037 882 1089 ltin
898 1039 1019 1104 plerosque
1033 1041 1184 1118 gladiatores.
1194 1041 1237 1104 qui

134 1104 251 1167 principio
262 1107 400 1166 jurgiorum
411 1107 471 1154 letio
489 1113 613 1164 sererent,
626 1108 651 1151 et
668 1103 741 1153 retsti
758 1106 852 1168 priuato
868 1105 1048 1168 permitterent:
1066 1111 1093 1153 st
1111 1106 1133 1154 si
1151 1103 1238 1168 offensi

134 1169 211 1218 serius
222 1169 381 1234 insurgerent,
392 1172 418 1218 lri
430 1185 497 1218 orme
515 1170 697 1233 interponerent.
733 1169 881 1217 Ttsutroiem
895 1183 983 1232 quoqne
1000 1169 1128 1233 hseioiers,
1143 1175 1167 1218 et
1180 1169 1237 1229 sus·

133 1339 196 1393 tras.
207 1342 277 1394 Bnrl.
288 1351 317 1394 et
328 1343 391 1408 nur
403 1347 552 1408 oleatum.
584 1345 662 1396 Unde
680 1345 760 1395 veliet
771 1345 926 1408 Gronovius
945 1347 1028 1395 lande
1043 1351 1066 1394 et
1085 1347 1237 1410 mmm.-

134 1411 163 1456 tt
180 1409 224 1456 Sic
237 1411 363 1458 Ernestns
374 1425 389 1458 e
400 1410 452 1459 Μι.
468 1411 534 1461 Flor.
548 1418 576 1459 et
587 1409 703 1459 editione
714 1409 844 1474 principe.
877 1411 908 1459 ln
921 1411 984 1460 Μιι.
998 1411 1073 1459 Bodl.
1081 1411 1136 1461 les.
1146 1418 1174 1460 et
1185 1411 1237 1459 Pn-

133 1474 258 1532 teolsnns,
276 1474 446 1536 gladiatorum,
457 1483 484 1522 et
499 1489 537 1522 sm
549 1475 695 1524 Gronosrns
707 1486 735 1522 et
748 1475 785 1538 li
790 1475 871 1524 eiius.
906 1475 999 1524 Latmo
1011 1485 1155 1539 utrumqne
1173 1476 1236 1524 Bro-

132 1537 253 1586 tien—ln
270 1539 346 1586 Arme
362 1540 495 1588 muretum
513 1539 626 1588 Brotier.
645 1553 705 1588 eom
724 1539 854 1589 Homero.
872 1547 900 1589 et
912 1541 949 1589 its
969 1539 1020 1589 lis.
1040 1541 1105 1602 lleg.
1114 1545 1142 1588 et
1153 1539 1236 1588 editio

132 1601 1235 1734 titt‘t...i¹:tii.in¹;iti.tuitiiliittrimimtilitti

630 1795 737 1847 NOTAE

131 1873 263 1938 scripsisse
276 1865 399 1926 Troilus:
416 1877 509 1926 Deinde
520 1881 543 1926 et
553 1875 663 1938 agnitum
702 1876 710 1905 c
718 1879 802 1928 Julius
816 1877 955 1927 Montanus
975 1881 1077 1927 senator
1091 1884 1235 1936 commotus

130 1955 247 1999 mereret.
279 1951 339 2002 linc
351 1953 467 2016 pertinet
483 1951 548 2001 illud
568 1953 606 2001 M.
618 1954 662 2002 Se·
702 1967 792 2003 uxoris
803 1966 890 2014 tunso
900 1952 997 2002 lucto
990 1967 1016 2002 tu
1037 1953 1168 2000 Neronem
1189 1951 1235 2001 irn-

130 2037 218 2074 nesae:
235 2025 516 2078 ‘Nihiiestcrudeiins
518 2028 661 2093 ,qnunrslc
702 2039 775 2094 peto,
794 2029 819 2078 ei
838 2030 931 2100 inultus
949 2028 1038 2091 pingas
1055 2023 1158 2076 inflixit.
1191 2025 1237 2082 tm

128 2098 272 2166 offendere,
289 2110 318 2153 ut
327 2106 409 2167 iungis
425 2107 460 2156 sis
474 2103 628 2164 offensurus,
640 2105 662 2154 sl
702 2112 732 2154 nt
744 2119 791 2168 per
802 2091 897 2152 multos
908 2103 963 2152 dies
975 2103 1001 2154 tn
1012 2108 1178 2166 conspectum
1191 2102 1235 2154 lto-

128 2174 308 2227 satisfeceris:
324 2179 430 2230 Gronov.
702 2181 798 2231 minum
816 2195 866 2228 non
885 2179 993 2229 venerit.
1025 2178 1090 2231 Qun
1107 2191 1148 2228 res
1159 2179 1235 2230 Mon-

159 2250 266 2308 ¹qusi
291 2255 461 2317 exprobrasset,
483 2256 543 2305 mori
565 2258 663 2305 simius
701 2253 1110 2306 tunonnllnmdnnrnomiutnlit.
1144 2255 1234 2305 Etcni

127 2327 175 2389 est]
208 2328 293 2379 Quum
305 2329 445 2392 sapientior
461 2329 512 2381 init
528 2331 572 2380 ille
584 2330 662 2380 Pisis-
701 2331 783 2394 Nero,
794 2345 826 2380 ne
838 2331 917 2379 iratus
938 2326 1040 2393 quidem
1057 2327 1160 2378 omuino
1172 2327 1234 2378 inis-

126 2406 230 2453 trutnsi
261 2405 473 2456 ‘comessatores
501 2407 604 2470 quidum
634 2407 661 2456 in
700 2414 751 2466 set,
761 2407 804 2470 qui
815 2405 910 2470 ulloqui
920 2405 1029 2455 fortuito
1038 2417 1134 2454 casune
1143 2403 1233 2454 insutu

126 2479 262 2530 Pisistrati
271 2495 378 2530 uxorem
395 2481 552 2544 inciderant,
567 2485 661 2533 multu·
701 2483 821 2548 putebat,
837 2482 886 2532 nisi
903 2481 959 2544 ipse
971 2495 1018 2544 per
1028 2479 1116 2529 literas
1132 2481 1233 2530 reniam

127 2569 179 2620 qne
200 2557 297 2607 lascire
315 2559 341 2607 in
361 2557 442 2620 iilum,
459 2563 513 2606 tum
534 2556 661 2622 leserunt,
701 2557 845 2621 petivisset.
862 2553 962 2606 Quibus
974 2555 1051 2604 lectis
1059 2554 1149 2615 literis,
1160 2555 1232 2605 Nero

126 2631 325 2682 tundirsrrmt.
358 2631 468 2681 Postero
480 2647 540 2682 vero
554 2633 597 2682 die
605 2633 661 2697 jorn
701 2630 903 2692 itueffstnsest;
921 2627 1233 2693 etronilrnlpmrir·

127 2703 239 2756 desuem
250 2708 410 2770 temulentis,
426 2709 591 2759 Pisistratum
608 2710 662 2760 ndi·
701 2727 749 2758 ιων
756 2707 839 2758 tauris
846 2705 1162 2770 rnrsxpioarm‘nondum
1170 2719 1233 2772 ergo

78 2831 81 2834 ,
127 2785 206 2828 eruut
218 2795 275 2829 eum
295 2782 415 2846 lucrymis
432 2793 535 2835 orantes
551 2785 661 2836 veniam.
702 2785 791 2847 sejam
803 2781 944 2847 interiecit,
962 2782 1007 2847 qul
1028 2783 1158 2833 Neronem
1175 2795 1233 2847 pet·

125 2859 192 2906 Tum
201 2859 367 2912 Pisistratus:
380 2861 434 2911 Vos
445 2865 550 2928 quidem
562 2867 589 2916 in
600 2882 660 2930 pos·
700 2859 780 2909 111111
787 2858 805 2908 l'

127 2935 295 2985 teruntios
316 2952 422 3000 operam
448 2948 477 2989 nt
496 2940 659 2993 stttssobrii.
732 2935 1043 3000 transreninarum]
1076 2936 1157 3000 Lego,
1162 2935 1235 2997 srvo-

126 3007 203 3064 Usor
222 3023 281 3059 mes
298 3011 353 3061 lteri
369 3027 531 3079 nequaquem
552 3031 660 3081 usquam
698 3029 744 3063 res.
760 3013 901 3063 Acidulius.
934 3012 1016 3062 Irnmo
1037 3011 1169 3077 elegentes
1184 3013 1233 3064 'ln-

127 3081 227 3145 prodiit
238 3095 269 3132 ex
281 3085 397 3137 sedibus!
415 3088 580 3156 Apophtlreg
593 3094 609 3142 i.
621 3107 648 3143 r.
700 3091 767 3139 citus
777 3090 846 3138 idem
861 3089 909 3138 hoo
920 3081 1026 3138 re'rbnrn
1044 3087 1143 3138 duabus
1154 3089 1231 3140 rebus

160 3157 336 3211 Humanitatis
368 3170 433 3227 esst,
464 3166 533 3229 qnod
560 3169 660 3230 ignovit
698 3165 802 3214 diversa
813 3164 1000 3226 significatione
1012 3163 1139 3213 attribuit
1172 3167 1231 3218 Quo

126 3233 349 3287 adolescentibus.
373 3239 479 3302 pietatis
499 3247 528 3289 et
548 3242 659 3304 pruden
697 3239 724 3288 in
750 3253 844 3301 genero
866 3237 1088 3302 frequentissimus
1110 3237 1232 3304 Ovidius,

126 3309 506 3374 nmquodsicnxorlslronorl
522 3317 660 3379 consuluit,
698 3329 783 3378 neque
810 3303 959 3402 infrequens
981 3322 1078 3364 noster.
1121 3313 1232 3365 Licentia

125 3384 248 3449 negsndo
260 3388 313 3436 tute
325 3389 460 3455 quicquum
479 3392 505 3440 ln
518 3392 587 3440 illem
605 3391 658 3442 iac·
697 3389 816 3440 ludicro
806 3405 833 3438 ιιι
850 3389 934 3454 prelis
952 3391 1057 3440 converti
1077 3397 1149 3440 recte
1169 3390 1233 3441 diel-

125 3467 183 3510 turn
192 3473 259 3510 esse.
698 3471 755 3516 tur.
774 3468 851 3530 psulo
863 3465 994 3531 undosius,
1004 3481 1053 3517 neo
1064 3467 1146 3517 minos
1157 3475 1231 3517 rests

157 3537 261 3586 Seneca
281 3537 308 3586 in
325 3539 388 3602 Sep.
406 3555 457 3590 non
476 3543 570 3592 cudere
592 3542 659 3607 injn·
692 3540 803 3601 foetores
818 3543 972 3592 histrionum:
989 3551 1017 3592 ut
1034 3557 1114 3593 uersus
1129 3543 1231 3604 insurs-

124 3609 246 3673 rlsru,e.
267 3617 307 3662 lt.
322 3613 446 3678 ‘Sapiens
466 3618 582 3682 colaphis
602 3633 660 3682 per·
697 3631 847 3679 remersus
863 3619 888 3666 is
903 3619 1075 3681 penitentium,
1094 3619 1121 3668 ir
1138 3619 1232 3670 miseri·

124 3699 227 3751 cussus,
238 3689 301 3753 qnid
312 3688 410 3738 iactet?
425 3694 492 3757 qrrod
511 3695 586 3757 ceto,
600 3708 659 3744 cum
698 3691 997 3756 mdiumnousroginersi,
1003 3695 1121 3746 iustine·
1115 3702 1232 3761 ,nostum

124 3760 165 3811 illi
186 3777 216 3814 os
235 3778 386 3828 percussum
398 3778 477 3818 esset:
496 3783 547 3817 non
566 3782 659 3818 exeun·
698 3769 892 3818 diuturnitatem
903 3767 1034 3832 reperirem
1044 3776 1146 3821 morsm.

124 3833 195 3900 tots,
204 3853 256 3889 non
274 3839 418 3890 vindicarit
432 3843 604 3906 iniuriamne
618 3857 659 3894 re·
732 3845 891 3906 Quinetiam,
909 3845 955 3912 (de
965 3844 1066 3908 eodem,
1082 3845 1133 3896 slio
1144 3845 1232 3911 modo,
1330 3855 1338 3862 ‘

124 3913 200 3986 tuisit
219 3915 340 3980 quidem.
363 3916 410 3972 ssd
430 3917 524 3969 tentam
545 3922 659 3987 negarit,
698 3929 729 3970 ut
753 3921 778 3971 io
799 3921 915 3970 formulis
935 3919 1005 3986 erst)
1024 3922 1128 3973 verbis'
1122 3937 1148 3971 tu
1164 3922 1231 3986 istis,

124 3979 225 4053 umjons
237 3991 323 4041 suino
339 4006 390 4042 non
407 3996 521 4058 ognovit,
533 4012 609 4061 quum
619 3999 658 4064 ig·
698 3998 818 4046 &atium
835 3998 959 4061 initiorum,
974 4003 998 4046 et
1010 3996 1119 4058 foetores
1133 3997 1230 4048 listris-

124 4063 260 4116 novisset!
696 4087 754 4123 sum
770 4079 858 4138 potest
873 4073 985 4138 intelligi
1000 4072 1090 4138 tignis,
1109 4089 1185 4140 quum
1203 4074 1230 4126 ἓν

159 4135 415 4206 llloristloetssest]
445 4141 588 4199 stultior.
599 4159 657 4200 m.
697 4147 921 4202 imlwurocsut.
995 4167 999 4174 ·
1029 4165 1032 4172 ·
1125 4165 1129 4174 ¹
