2917 4734
231 275 320 346 1442
586 289 621 339 0.
644 285 828 368 continuit
849 285 978 338 'ructui
1172 291 1219 358 [Α.
1229 293 1332 350 Um.

230 430 463 524 postulantes?
514 433 623 500 Simul
649 432 815 498 intendere
847 439 992 510 menne,r
1014 450 1168 516 aggerem
1194 435 1331 518 probru,

230 593 280 646 tra.
311 584 390 636 mnu
403 584 522 634 micum
533 583 634 635 Neroni
646 599 730 634 mue
748 551 905 648 Aqrippinn,
923 583 1075 633 melundino
1090 583 1209 648 iugera,
1225 581 1334 633 intorem

723 696 831 748 NOTAE

230 813 316 875 rlrnm,
329 817 360 868 et
376 809 554 876 ‘protectoria
568 809 666 876 lingna’
684 809 764 859 Sene-
801 807 953 872 enphintam,
976 807 1115 869 rhetorem,
1137 811 1184 858 eut
1204 807 1261 858 ludl
1280 823 1334 858 ma·

229 902 296 940 cam.
322 888 383 938 Nec
399 891 694 936 necemeeatuttotnm
710 899 764 933 me·
800 883 910 946 gistrum
928 881 1097 946 profiteretur
1110 883 1218 935 Seneca.
1249 883 1295 933 dic
1306 889 1336 933 et

228 976 293 1014 num
311 961 447 1025 precium
465 961 601 1010 habuerit:
622 958 764 1009 mffieitdi·
801 957 930 1007 Bnrrhum
957 957 1102 1020 rpmporiw
1134 965 1211 1009 vocat
1237 971 1334 1008 verane

229 1038 287 1104 gito
305 1050 358 1086 uno
377 1042 423 1085 ant
441 1037 525 1086 altero
545 1041 651 1098 captum
665 1032 762 1082 intem:
800 1032 907 1084 foemina
918 1049 966 1099 per
980 1035 1173 1098 contumelium,
1188 1033 1234 1100 qni
1253 1049 1336 1084 armo·

229 1111 310 1178 idque
328 1112 518 1162 Incommodum
540 1111 684 1175 accepitne,
701 1111 763 1160 dum
800 1125 857 1160 rum
868 1119 897 1161 et
914 1111 974 1161 belii
984 1109 1052 1160 foma
1069 1112 1231 1175 compienne,
1248 1117 1277 1162 et
1288 1125 1334 1160 en·

229 1188 259 1238 ln
275 1188 332 1239 acle
351 1187 566 1249 etemitnoetem,
582 1193 612 1237 nt
622 1185 764 1236 verisimile
795 1185 841 1249 jun
852 1187 958 1236 vulnera
969 1188 994 1236 in
1006 1187 1265 1250 glorinmrerterant.
1290 1187 1335 1238 Sic

230 1271 283 1314 eet,
800 1261 973 1326 eloquentiam
1001 1261 1102 1325 operuit
1128 1261 1245 1324 Senem,
1273 1276 1334 1326 qua

262 1339 333 1404 Ergo
344 1339 371 1390 ld
388 1341 490 1403 insigne
499 1340 603 1390 virtutis
616 1355 669 1390 non
679 1341 763 1404 megin
800 1344 887 1388 tumen
899 1337 1012 1401 Reipub.
1030 1343 1059 1388 et
1078 1337 1164 1386 rotatio
1183 1351 1236 1386 rue
1253 1337 1336 1387 mani·

229 1417 315 1466 arcuit
323 1429 381 1466 eum
389 1414 546 1479 prefectum
555 1417 762 1480 pretorii,qunm
799 1429 868 1463 mum
888 1413 1013 1464 decoret
1032 1417 1211 1461 ornamentum
1227 1410 1288 1474 fnit,
1305 1419 1335 1462 et

229 1489 386 1540 claudicatio
396 1505 429 1539 ex
439 1491 546 1539 vulnere
561 1491 607 1554 Sp.
620 1491 762 1540 Carvilium
800 1505 852 1554 qua
861 1496 936 1540 certe
946 1487 1008 1538 nilil
1016 1487 1116 1547 ntiiiue,
1127 1487 1190 1536 nihil
1199 1487 1335 1536 honeetinn

229 1565 421 1628 dehonestavit,
440 1581 517 1629 quem
544 1575 636 1628 mater,
661 1567 762 1630 quoties
782 1570 845 1614 unt
862 1563 942 1628 majue
964 1562 1026 1626 fuit,
1038 1562 1079 1612 rel
1097 1573 1155 1611 eme
1169 1562 1259 1625 potnit
1277 1567 1335 1613 toto

229 1640 339 1706 qrodum
359 1639 469 1702 faceret,
483 1640 596 1704 jubebat
614 1641 762 1692 meminisse
799 1639 861 1688 orbe
874 1640 998 1688 Romano.

229 1714 450 1779 teutonicum
469 1722 515 1765 aut
529 1715 761 1781 hemine,qoemin
830 1715 866 1762 Et
886 1713 1030 1777 pracsertim
1052 1713 1079 1763 in
1103 1713 1158 1763 riro
1184 1713 1284 1778 optimo
1306 1719 1336 1762 et

228 1804 297 1858 equo
324 1790 380 1840 dier
413 1798 554 1856 nocteaque
588 1791 762 1855 pereedendo,
799 1790 970 1854 emetimimo,
988 1805 1039 1856 quo
1055 1795 1220 1854 temperante
1233 1789 1335 1851 orbem,

228 1875 323 1921 neotne
338 1875 405 1931 erat,
427 1867 467 1918 nt.
476 1869 615 1919 Servilium
631 1870 761 1932 poenituit.
799 1864 862 1914 felia
876 1864 1085 1929 princepr,felia
1098 1865 1155 1928 ipra
1164 1863 1335 1926 materprin·

230 1945 375 1994 (tmuium
761 1985 769 2004 ,
798 1941 873 2004 cipio,
891 1939 954 1990 felix
972 1939 1169 2002 Senatue,feiix
1183 1937 1337 2002 respublica

264 2021 358 2070 Mea
372 2020 460 2069 eoiiieet
475 2019 558 2081 mmo]
574 2018 652 2072 Quod
669 2021 761 2069 vuinus
798 2012 857 2077 fuit,
869 2021 898 2064 et
914 2029 965 2079 quo
982 2016 1110 2079 perculso,
1126 2013 1334 2079 ceternimperii

229 2099 316 2144 tamen
327 2093 382 2158 ipei
401 2094 492 2158 glorie
509 2094 568 2142 soit.
602 2093 671 2144 Nam
687 2109 761 2158 egre-
798 2091 1158 2155 eubvermetperditomnt.

228 2169 288 2233 gine
306 2169 383 2234 bello,
401 2177 429 2220 et
453 2169 502 2218 hoc
521 2169 607 2232 ipsum
630 2169 711 2219 deone
732 2171 761 2219 in
830 2166 978 2226 Proseeeorio
1002 2167 1098 2230 duno]
1132 2165 1208 2216 Idem
1230 2173 1272 2217 eet
1301 2182 1334 2218 ac

228 2259 308 2294 caum
317 2245 375 2310 fuit,
384 2260 432 2296 cur
443 2243 599 2308 pretorimo
607 2244 683 2294 militi
694 2260 760 2308 prae·
796 2243 907 2304 remotim
925 2244 994 2307 quod
1005 2243 1096 2292 vitium
1117 2243 1209 2306 procul
1220 2243 1308 2294 obfuit
1317 2259 1335 2294 a

227 2317 365 2370 ficeretur:
377 2319 439 2384 qnid
450 2320 520 2368 enim
530 2319 609 2383 magio
620 2319 759 2370 decorum?
797 2317 905 2380 Senecm
916 2319 960 2383 qui
977 2325 1092 2380 uenator,
1110 2326 1218 2382 pretor,
1228 2327 1295 2383 pnto
1305 2327 1335 2372 et

227 2393 338 2458 Sanguis
359 2394 397 2444 ric
424 2393 546 2458 profusus
571 2393 708 2445 victoriam
732 2402 760 2446 et
797 2395 896 2458 conoul,
913 2395 955 2460 qni
968 2394 1090 2446 felicitati
1107 2396 1236 2460 salutique
1255 2398 1332 2461 Reip.

228 2469 336 2533 gloriam
346 2467 430 2532 iprum
441 2469 532 2518 vineit.
797 2485 828 2520 no
839 2469 928 2520 decori
940 2471 1057 2532 Cereris,
1072 2471 1247 2536 eloquentiam
1259 2486 1333 2522 anam

260 2545 330 2606 Eior.
349 2545 383 2593 de
406 2544 525 2607 Angmto
546 2545 634 2594 raucio
655 2559 695 2594 nv.
718 2549 759 2594 ll.
798 2553 960 2608 oneraverat,
972 2553 1087 2606 voveret,
1095 2545 1240 2595 dicaverat.

227 2618 440 2672 ‘Canetonum
459 2633 594 2668 accentum
610 2620 687 2668 militi
703 2635 759 2670 een·
829 2625 839 2652 ¹
856 2621 979 2668 Intendere
989 2619 1082 2681 mur]
1093 2619 1124 2668 ld
1134 2625 1250 2682 vertunt,
1257 2622 1334 2686 quani

227 2702 284 2745 tum
294 2695 328 2744 de
347 2707 425 2743 mann
440 2694 542 2757 repnit:
559 2701 588 2742 et
605 2694 632 2743 ln
648 2695 690 2742 via
708 2695 760 2758 pri·
798 2693 946 2758 Agrippina
962 2695 1119 2744 intendisset
1137 2697 1266 2744 manuein
1279 2697 1333 2746 Ne-

226 2785 294 2834 mm,
305 2777 369 2819 tnnc
377 2768 480 2831 agmine
496 2776 596 2832 eecnto,
606 2770 760 2833 cumiliyri-
798 2785 896 2832 nonem,
906 2773 987 2821 veluti
1005 2779 1097 2834 perata
1113 2771 1145 2821 ud
1167 2772 1334 2836 poliendum,

226 2860 274 2896 cue
290 2844 457 2894 multitudine
476 2852 581 2905 pontem
596 2845 759 2908 succideret,
797 2848 924 2912 autquasi
942 2849 968 2897 id
985 2847 1192 2910 comminaretur,
1203 2854 1232 2898 et
1242 2849 1333 2900 vellet.

226 2920 327 2970 eanelue
338 2919 465 2981 manibne,
481 2931 512 2968 ac
523 2919 648 2982 cruribus,
659 2921 759 2983 specio-
795 2923 848 2972 Sed
870 2922 1014 2986 Agrippina
1033 2922 1145 2972 intendit
1164 2937 1256 2972 manue
1274 2929 1334 2974 tan·

226 2996 287 3058 nior,
307 3000 337 3044 et
357 2995 491 3057 unguine,
512 3000 542 3043 et
566 2995 623 3057 lpeo
644 2994 759 3058 periculo
797 3002 851 3046 tum
874 3013 921 3061 per
940 2996 1064 3048 ferociam
1083 3003 1112 3047 et
1134 2999 1209 3061 irem,
1229 3012 1282 3048 non
1302 3001 1331 3049 in

227 3072 452 3136 onpmtior,terga
466 3070 579 3120 hostium
597 3071 758 3134 percecinit!
796 3073 936 3136 Neronem,
957 3074 1029 3137 quari
1047 3072 1157 3122 verbere
1176 3075 1331 3138 intentaret,

224 3147 270 3198 Sic
279 3145 401 3208 Annibal,
417 3147 455 3196 oio
470 3147 611 3208 Sertorim,
622 3147 659 3195 ric
669 3147 759 3196 civilio
797 3155 842 3196 unt
852 3147 878 3196 id
892 3155 1010 3211 cuperet,
1021 3150 1190 3212 cogitarctve.

225 3223 320 3273 etalii
341 3222 474 3271 t‘ortimimi
498 3223 557 3282 viri,
579 3223 659 3272 etiem
681 3221 759 3272 faciei
827 3222 870 3272 Sic
883 3230 983 3272 tanturn
994 3225 1098 3273 'l‘acitnn
1111 3224 1261 3275 violentiam
1270 3226 1330 3290 ejne

225 3299 457 3347 dehonestamento
488 3297 677 3360 gloriabantur,
698 3311 759 3346 cum
795 3297 890 3360 arguit,
902 3296 1027 3361 iramque,
1038 3305 1066 3349 et
1082 3299 1208 3349 amvitinm
1224 3300 1334 3352 demon·

225 3374 328 3421 oculum
357 3388 391 3422 ex
414 3374 519 3422 vulnere
546 3373 573 3422 in
600 3374 691 3436 prelio
712 3380 759 3424 ont
796 3381 872 3432 errat,
884 3374 948 3422 nihil
959 3376 1035 3424 ultre.
1062 3375 1201 3438 Nequerlo
1212 3377 1331 3428 intentat

226 3447 294 3497 bello
304 3445 458 3496 amisissent.
796 3450 904 3498 verbera
924 3449 950 3497 in
963 3449 1055 3512 tilium,
1073 3457 1119 3501 aut
1136 3451 1216 3500 etiam
1228 3465 1330 3515 manae,

256 3523 433 3582 nPrqfieaorin
452 3523 547 3586 liugan]
574 3522 619 3572 Sic
635 3524 758 3588 eloquen·
795 3524 977 3588 quasi-inimo
987 3525 1175 3576 t'acereveliet.
1207 3525 1330 3576 Sedtan·

226 3599 289 3649 tiam
306 3599 415 3648 Seneom
436 3613 483 3661 per
502 3606 661 3647 contemtum
680 3607 759 3649 vocnt
795 3605 850 3648 tum
871 3599 956 3650 insite
972 3601 1102 3651 violentie
1123 3602 1240 3665 indulget
1259 3617 1328 3666 prar-

225 3673 387 3736 Agrippineq
399 3673 437 3720 aie
449 3674 572 3736 deprimit
585 3673 671 3722 verbio
681 3688 759 3722 emm·
795 3687 857 3737 cepe
867 3674 977 3726 immine.

223 3749 355 3799 nierimnm
366 3749 496 3812 ingenium
508 3751 651 3813 viri,quem
662 3764 694 3798 ex
706 3764 758 3798 om·
826 3751 939 3800 'lantum
962 3751 1075 3802 minatur
1097 3767 1125 3802 εε
1145 3753 1265 3817 ulturum,
1281 3763 1330 3806 aut

223 3825 464 3876 uiimrmortaiibur
483 3826 673 3889 relegeretqui
688 3828 756 3874 viam
795 3827 847 3876 tale
868 3827 963 3887 inprnti
984 3829 1063 3878 animi
1087 3829 1184 3880 crimen
1205 3843 1257 3878 non
1280 3829 1327 3880 inr-

223 3900 642 3964 iitioadimperiumpraepararet
657 3908 757 3951 eterne·
794 3915 863 3965 pune
890 3901 947 3952 sore
974 3901 1117 3964 indefinite,
1145 3905 1328 3971 undecumque

223 3981 325 4043 ret'qne,
340 3984 368 4027 et
383 3979 428 4042 qui
443 3979 523 4027 otiam
541 3991 627 4026 rerum
639 3978 756 4040 potiente
794 3978 892 4026 reniret
904 3979 978 4028 ultio.

224 4053 428 4112 Nerone,velnti
435 4055 556 4102 columen
563 4051 666 4115 imperii
677 4061 755 4104 erret.
826 4055 953 4104 Intendere
963 4053 1056 4117 maer]
1073 4055 1197 4118 Vertnnt,
1205 4071 1290 4110 m
1300 4057 1329 4108 in

257 4127 354 4193 Arqnit
370 4128 437 4181 irata
454 4128 660 4193 mactaturque,
680 4127 756 4193 qumi
792 4130 875 4180 mium
891 4129 993 4196 mucre,
1013 4143 1066 4182 non
1081 4131 1116 4182 ad
1135 4133 1328 4196 περιρρυείη.
