2917 4734
112 288 158 355 [a.
170 288 205 341 υ.
216 293 276 339 soe.
294 288 321 341 J.
332 288 363 341 c.
374 290 429 357 aa]
504 284 716 336 suasurus
747 286 824 336 uru.
847 288 919 338 ιιι.
1131 275 1220 368 1297

113 428 262 513 obligant
276 429 407 508 vulnus,
420 429 566 511 agrestia
584 426 806 495 medicamina
818 430 995 512 adbibent;
1017 432 1219 523 ωμὶωιιιιιι

113 532 244 595 nomina
265 535 299 595 et
319 550 418 609 casu,
432 530 468 593 in
492 530 604 595 urbem
627 528 800 597 Artaxata·
820 532 945 598 temni:
966 532 1054 597 unda
1077 536 1222 621 publicu¹

112 650 193 695 cura
205 630 351 697 deducta
362 630 406 695 ad
419 628 599 708 Tiridaten,
614 631 813 717 comiterque
835 638 990 719 excepta,
1004 634 1095 699 crdtn
1109 633 1218 720 Regio

112 732 228 797 habita
241 739 305 799 est.

153 834 212 899 52.
237 832 365 898 Fausto
387 828 492 918 Sylla,
516 833 631 902 Salvio
654 834 782 900 Othone
807 834 905 901 coss.
936 834 1058 903 Furius
1084 838 1220 905 Scribo-

114 934 233 999 nianus
257 936 293 998 in
315 935 450 1000 exilium
477 937 596 1019 agitur,
611 937 710 1019 quasi
724 940 736 971 ‘
750 938 849 1002 finem
864 937 1031 1022 Principis
1044 960 1105 1023 per
1116 940 1219 1005 Chal·

115 1034 222 1100 daeosq
234 1042 436 1102 scrutaretur
445 1037 465 1101 ι’
486 1040 718 1105 annectebatur
732 1040 861 1105 crimini
874 1043 886 1073 ‘
899 1040 923 1105 J
924 1043 1003 1106 unia
1012 1048 1115 1108 mater
1124 1042 1226 1128 ejus:-

114 1140 151 1201 ut
164 1141 175 1169 ‘
190 1156 293 1201 casus
308 1136 452 1219 prioris’‘
464 1138 557 1223 (nam
575 1140 722 1223 relegata
744 1137 841 1225 erat)'
854 1141 1073 1224 ‘impatiens’
1117 1143 1221 1209 Pater

68 1306 72 1315 ,
114 1237 337 1318 Scriboniani,
353 1238 525 1317 Camillus,
541 1258 632 1303 arma
654 1258 714 1321 per
729 1240 936 1305 Dalmatiam
948 1243 1119 1309 moverat²
1162 1244 1221 1308 Id·

112 1400 278 1461 wsjedrstes,
297 1400 405 1450 natitent
420 1401 567 1463 ωιῃὶιιιιιι,
583 1400 789 1462 ιιιιίσῌωιιιιιιιι
804 1402 924 1462 nitidem

114 1465 188 1528 ipsias
202 1469 228 1513 rt
243 1462 408 1525 insertarum
405 1470 472 1513 mi
485 1480 543 1515 eam
554 1466 580 1514 is
596 1467 708 1529 oppidum
717 1468 854 1517 Artaxata:
848 1406 1222 1533 anismam
1051 1474 1132 1521 ants
1146 1474 1221 1523 daces

113 1530 143 1577 sd
155 1528 298 1587 tiridaten,
309 1530 413 1577 ciuiliter
423 1528 513 1586 tauta,
522 1535 546 1578 et
553 1534 640 1592 parata
653 1530 718 1592 regio
727 1536 824 1607 excepta
836 1538 879 1581 cer.

145 1592 237 1641 Fausto
259 1564 339 1657 Sp’llo,
356 1592 438 1642 Satrio
459 1564 552 1643 Otb’orre
575 1594 705 1643 comtibus
724 1595 749 1643 Γ
738 1610 813 1644 artas
831 1596 999 1646 &Mansa
1022 1596 1096 1647 exilia
1112 1599 1221 1675 pellitur,

114 1662 225 1721 inpuris
248 1658 275 1706 is
297 1664 409 1707 mortem
430 1658 541 1707 casaris
564 1671 612 1720 per
631 1658 767 1709 Chaldaeos
787 1661 941 1725 inquireret.
973 1662 1156 1725 Adisagsbstar
1173 1662 1222 1713 eri·

115 1722 239 1771 ustioni
251 1722 412 1785 parensejus
420 1721 511 1783 danis,
519 1723 582 1771 aetat
599 1721 734 1774 infortunii
753 1726 856 1787 prioris,
874 1726 977 1789 (qnippe
994 1729 1103 1789 sulegon
1114 1728 1221 1789 suast)

114 1786 269 1837 intolerans.
317 1786 432 1836 crusillae
449 1791 520 1851 pstea·
546 1786 698 1837 Seniasiarti
722 1788 809 1839 Minas
831 1790 1062 1853 apseDsissctssrs
1076 1794 1221 1842 concitarat

617 1942 723 1995 NOTAE

144 2070 157 2105 t
175 2060 313 2127 Cisaldoecs]
328 2056 396 2114 Vide
407 2070 481 2115 notas
489 2065 508 2116 1.
521 2078 559 2117 vr.
570 2081 594 2118 c.
605 2070 646 2117 aa.
688 2066 756 2133 qtrod
766 2056 861 2117 sufficit
871 2058 904 2115 ad
917 2065 1024 2116 crimen.

114 2136 275 2191 mans.
613 2192 616 2209 ,
720 2141 1028 2207 ‘Armcperllclaatian
1038 2139 1155 2205 murat]
1178 2140 1221 2193 De

144 2222 156 2250 a
173 2217 357 2283 Cumprimis]
373 2218 450 2283 ouis,
461 2227 535 2285 puto,
547 2222 647 2286 relega·
687 2218 737 2269 hoc
748 2226 822 2268 motu
832 2218 869 2268 sic
878 2221 983 2278 Sueten.
993 2218 1085 2268 Claud.
1095 2219 1152 2267 lt.‘
1161 2218 1223 2268 Bel·

114 2288 316 2355 tafuentenm
334 2295 444 2343 maritus
463 2295 648 2359 ipsiuscamil·
687 2294 741 2345 lum
769 2296 847 2345 civile
872 2294 955 2345 movit
980 2294 1074 2344 Furius
1096 2292 1221 2345 Camillus

113 2368 152 2418 las
174 2368 331 2420 rebellasset
356 2370 479 2420 adversos
502 2372 648 2423 Claudium.
686 2368 885 2433 Scribonianus,
918 2368 1060 2418 Dalmatia
1103 2369 1222 2432 legatum

114 2445 148 2495 Et
171 2446 233 2511 qrrin
253 2446 335 2499 dunis
352 2447 491 2511 impatiens
512 2448 649 2499 videbatur
688 2464 778 2499 rerum
796 2447 992 2511 innaqointum
1003 2446 1071 2495 diem
1083 2460 1223 2509 oppressus

114 2522 174 2573 talis
203 2522 394 2589 dominationis,
421 2524 518 2573 idcirco
548 2538 649 2573 annexa
689 2532 739 2589 est,
765 2523 918 2587 legionibus,
943 2536 1000 2586 quse
1032 2526 1223 2571 sacramentnm
1320 2567 1324 2575 ,

114 2608 154 2649 est
168 2598 271 2649 crimini
282 2598 328 2648 tilii
340 2615 347 2648 ι
366 2614 459 2663 nempe
472 2605 594 2649 accusata
606 2606 647 2649 est
688 2601 896 2663 mutaverant,in
906 2598 1086 2663 poenitentiam
1097 2597 1224 2663 rengione

114 2676 266 2741 quaesivisse
285 2675 479 2740 pchbaldrecs
498 2675 648 2725 inmortem
688 2674 836 2736 conversis3
857 2680 993 2739 postquam
1015 2673 1168 2723 denuntiato
1186 2670 1223 2723 ad

115 2742 232 2813 Claudii;
264 2766 372 2815 sperans
395 2749 464 2801 forte
485 2750 598 2801 reditum
620 2753 647 2801 ia
688 2767 781 2802 novum
790 2752 972 2815 imperatorem
981 2750 1083 2815 itinere,
1091 2766 1152 2801 casu
1160 2764 1223 2815 qno·

113 2826 221 2887 llrberu,
232 2826 255 2875 si
267 2827 311 2876 illc
323 2826 474 2877 interiisset.
688 2828 757 2892 dam,
766 2843 799 2878 an
809 2827 943 2888 divinitus,
953 2840 1038 2892 neque
1049 2827 1135 2892 aquila
1146 2840 1222 2877 ornas

142 2902 188 2953 Sic
207 2897 283 2953 multi
298 2902 356 2965 jam
367 2901 481 2950 ‹lamnatl
490 2907 518 2950 et
529 2900 650 2967 relegati,
689 2904 823 2968 ri‚·neque
845 2902 919 2969 sigua
940 2903 1060 2967 murelli,
1070 2902 1221 2969 moverique

114 2976 147 3027 ob
158 2994 224 3028 nova
236 2978 346 3027 crimina
364 2976 471 3027 retracti
490 2984 551 3027 suut
562 2977 588 3025 in
600 2978 648 3025 Ur·
689 2978 848 3043 potnerunt!

114 3052 182 3117 bem,
193 3060 221 3103 et
233 3053 368 3117 precipue
379 3052 502 3116 accusati,
512 3052 581 3117 qnod
598 3066 649 3101 ma·
721 3055 757 3104 Et
772 3070 797 3105 c.
809 3058 851 3105 36.
864 3053 875 3082 ¹
887 3052 964 3105 Motu
984 3052 1056 3103 civili
1078 3068 1138 3105 cum
1160 3068 1220 3105 enm

115 3130 173 3193 gius
195 3144 271 3181 sacra
290 3128 333 3179 vel
350 3128 485 3180 Chaldaeos
504 3128 647 3179 consultas·
689 3132 824 3195 Camillus,
842 3146 892 3180 ιιοιι
914 3130 1035 3179 dubitans
1054 3129 1134 3178 etiarn
1154 3129 1222 3179 citra

115 3206 195 3267 καις,
206 3212 234 3256 et
247 3203 316 3255 forte
336 3205 362 3254 id
380 3220 427 3269 per
439 3204 519 3254 otium
532 3205 557 3253 in
569 3205 648 3253 exilio
688 3206 785 3267 bellum
808 3220 883 3268 posse
907 3204 1012 3267 terreri,
1033 3202 1222 3275 contumeliosa

113 3282 284 3345 usurpabant,
295 3288 420 3347 erantque
438 3282 495 3331 hac
514 3282 584 3331 iuter
603 3278 649 3331 fla·
688 3290 716 3331 et
732 3281 827 3329 minaci
839 3289 867 3330 et
884 3277 1032 3329 contumaci
1051 3277 1161 3341 epistola
1179 3279 1223 3345 ceff

113 3356 176 3419 gitis
188 3365 335 3420 temporum
346 3358 458 3406 illorum.
687 3357 751 3407 dere
760 3356 868 3420 imperio
883 3354 1001 3419 juberet,
1012 3354 1145 3416 vitamque
1156 3352 1222 3408 ctio}

144 3432 358 3495 ‘Retegatcernfl
375 3432 569 3496 Relegataerat
584 3436 649 3497 tum,
687 3449 742 3484 sam
762 3432 790 3481 in
808 3432 910 3497 privata
929 3445 959 3480 re
976 3442 1066 3494 agere,
1082 3425 1222 3493 dubitavit,
1268 3436 1274 3449 ¹

114 3522 170 3557 cam
188 3508 298 3558 maritus
315 3509 395 3571 ipsius
408 3507 533 3558 Camillus
544 3508 646 3557 damna·
687 3508 812 3559 adhibitis
821 3506 981 3573 principibus
993 3506 1066 3568 viris,
1077 3520 1110 3555 an
1121 3504 1222 3557 obtem·

114 3590 155 3633 tus
176 3582 229 3634 tuit
248 3583 283 3633 ab
304 3584 479 3646 rebellionem,
490 3592 518 3634 et
540 3586 565 3634 in
589 3585 647 3634 loeo
688 3584 814 3651 peraret!

115 3658 410 3710 exiliisuitslecrimen
421 3659 645 3723 moliebaturipsa.
719 3661 797 3709 Teste
816 3658 909 3721 Dione,
927 3654 1073 3707 Camillus
1066 3670 1092 3704 ιιι
1110 3655 1221 3706 insulam

118 3734 152 3783 Ut
166 3751 234 3786 casas
249 3735 348 3799 priate,
368 3734 395 3785 id
414 3742 464 3799 est,
481 3734 646 3800 relegationis
687 3732 770 3784 issam
790 3734 902 3795 delatas,
922 3739 1090 3795 spontaneam
1109 3737 1221 3779 mortem

114 3810 261 3875 impatiens.
687 3798 1221 3873 sibiconscivit,derelictussiegionibns'.

147 3886 265 3950 Relegatu
275 3884 373 3949 fund]
390 3886 493 3950 Nempe
505 3900 536 3935 eo
548 3890 648 3949 tempo
720 3886 805 3936 Addit
819 3886 871 3936 liro
882 3884 928 3934 lib
946 3896 990 3933 nx.
1016 3882 1158 3931 ‘Claudius
1175 3879 1221 3946 qul

112 3975 143 4011 re
162 3978 213 4027 quo
233 3964 408 4019 rebellaverat
426 3962 553 4013 maritus
547 3977 572 4011 ιιι
584 3962 648 4011 Dal
687 3968 794 4012 eatenus
806 3962 832 4012 in
844 3969 918 4012 tauto
935 3967 1007 4009 metu
1024 3957 1120 4018 tuerat,
1137 3964 1166 4006 ut
1176 3966 1224 4021 pa
1270 4001 1272 4004 .

112 4038 210 4087 uratia:
223 4052 273 4087 non
285 4036 355 4087 forte
366 4051 426 4102 quia
434 4036 567 4101 particeps
578 4042 648 4086 esset
688 4044 759 4087 ratus
771 4028 1221 4095 essetultroelcedereprincipatu,

112 4111 279 4175 desectionis,
302 4112 348 4163 sed
371 4112 430 4162 odio
452 4111 650 4173 dominantium,
688 4119 797 4177 recepta
817 4120 873 4161 tuns
900 4109 996 4170 animo,
1014 4105 1139 4157 militibus
1161 4120 1221 4158 cum

181 4192 270 4259 det.
280 4198 305 4244 et
320 4192 379 4245 Ver.
389 4194 456 4245 Clas.
621 4192 706 4243 Tacit.
1000 4191 1003 4197 “
1079 4191 1110 4238 ·t
1127 4186 1154 4239 N
