<?xml version="1.0" encoding="UTF-8"?>
<!DOCTYPE html PUBLIC "-//W3C//DTD XHTML 1.0 Transitional//EN"
    "http://www.w3.org/TR/xhtml1/DTD/xhtml1-transitional.dtd">
<html xmlns="http://www.w3.org/1999/xhtml" xml:lang="en" lang="en">
 <head>
  <title>
</title>
<meta http-equiv="Content-Type" content="text/html;charset=utf-8" />
  <meta name='ocr-system' content='tesseract 3.04.00' />
  <meta name='ocr-capabilities' content='ocr_page ocr_carea ocr_par ocr_line ocrx_word'/>
</head>
<body>
  <div class='ocr_page' id='page_1' title='image "./ccorneliitaciti01lipsgoog_0359.png"; bbox 0 0 2917 4734; ppageno 0'>
   <div class='ocr_carea' id='block_1_1' title="bbox 122 296 1233 378">
    <p class='ocr_par' dir='ltr' id='par_1_1' title="bbox 122 296 1233 378">
     <span class='ocr_line' id='line_1_1' title="bbox 122 296 1233 378; baseline -0.005 -11"><span class='ocrx_word' id='word_1_1' title='bbox 122 313 151 367; x_wconf 86' lang='lat' dir='ltr'><strong>r.</strong></span> <span class='ocrx_word' id='word_1_2' title='bbox 168 310 272 378; x_wconf 76' lang='lat' dir='ltr'><strong>ese]</strong></span> <span class='ocrx_word' id='word_1_3' title='bbox 467 307 674 364; x_wconf 76' lang='lat' dir='ltr'><strong>annauuu</strong></span> <span class='ocrx_word' id='word_1_4' title='bbox 699 309 773 360; x_wconf 84' lang='lat' dir='ltr'><strong>ma.</strong></span> <span class='ocrx_word' id='word_1_5' title='bbox 795 309 884 364; x_wconf 84' lang='lat' dir='ltr'><strong>xus.</strong></span> <span class='ocrx_word' id='word_1_6' title='bbox 1145 296 1233 376; x_wconf 67' lang='lat' dir='ltr'><strong>iton</strong></span> 
     </span>
    </p>
   </div>
   <div class='ocr_carea' id='block_1_2' title="bbox 627 529 736 586">
    <p class='ocr_par' dir='ltr' id='par_1_2' title="bbox 627 529 736 586">
     <span class='ocr_line' id='line_1_2' title="bbox 627 529 736 586; baseline 0.018 -2"><span class='ocrx_word' id='word_1_7' title='bbox 627 529 736 586; x_wconf 75' lang='lat' dir='ltr'>NOTAE</span> 
     </span>
    </p>
   </div>
   <div class='ocr_carea' id='block_1_3' title="bbox 124 662 1260 3221">
    <p class='ocr_par' dir='ltr' id='par_1_3' title="bbox 124 662 1234 956">
     <span class='ocr_line' id='line_1_3' title="bbox 125 662 1232 731; baseline 0.005 -17"><span class='ocrx_word' id='word_1_8' title='bbox 125 675 168 714; x_wconf 81' lang='lat' dir='ltr'><strong>nae</strong></span> <span class='ocrx_word' id='word_1_9' title='bbox 186 669 352 714; x_wconf 85' lang='lat' dir='ltr'><strong>sccnsstcres</strong></span> <span class='ocrx_word' id='word_1_10' title='bbox 366 662 540 728; x_wconf 74' lang='lat' dir='ltr'><strong>insurgerent,</strong></span> <span class='ocrx_word' id='word_1_11' title='bbox 550 679 609 715; x_wconf 83' lang='lat' dir='ltr'><strong>cusu</strong></span> <span class='ocrx_word' id='word_1_12' title='bbox 628 679 662 714; x_wconf 93' lang='lat' dir='ltr'><strong>ne</strong></span> <span class='ocrx_word' id='word_1_13' title='bbox 701 677 765 729; x_wconf 78' lang='lat' dir='ltr'><strong>ress,</strong></span> <span class='ocrx_word' id='word_1_14' title='bbox 773 662 891 729; x_wconf 56' lang='lat' dir='ltr'><strong>meren]</strong></span> <span class='ocrx_word' id='word_1_15' title='bbox 915 662 1010 716; x_wconf 79' lang='lat' dir='ltr'><strong>Vivere</strong></span> <span class='ocrx_word' id='word_1_16' title='bbox 1021 663 1232 731; x_wconf 76' lang='lat' dir='ltr'><strong>ege‚impersnte</strong></span> 
     </span>
     <span class='ocr_line' id='line_1_4' title="bbox 124 739 1233 806; baseline 0.005 -17"><span class='ocrx_word' id='word_1_17' title='bbox 124 739 462 805; x_wconf 65' lang='lat' dir='ltr'><strong>nnncqntdemdcsteces</strong></span> <span class='ocrx_word' id='word_1_18' title='bbox 476 741 662 806; x_wconf 86' lang='lat' dir='ltr'><strong>eriminsnbji-</strong></span> <span class='ocrx_word' id='word_1_19' title='bbox 702 741 864 804; x_wconf 72' lang='lat' dir='ltr'><strong>Britannice,</strong></span> <span class='ocrx_word' id='word_1_20' title='bbox 885 747 1004 805; x_wconf 82' lang='lat' dir='ltr'><strong>poteram</strong></span> <span class='ocrx_word' id='word_1_21' title='bbox 1024 740 1152 794; x_wconf 78' lang='lat' dir='ltr'><strong>absolute.</strong></span> <span class='ocrx_word' id='word_1_22' title='bbox 1189 743 1233 795; x_wconf 74' lang='lat' dir='ltr'><strong>Sic</strong></span> 
     </span>
     <span class='ocr_line' id='line_1_5' title="bbox 125 814 1234 886; baseline 0.006 -23"><span class='ocrx_word' id='word_1_23' title='bbox 125 814 239 877; x_wconf 87' lang='lat' dir='ltr'><strong>cientes,</strong></span> <span class='ocrx_word' id='word_1_24' title='bbox 257 815 351 880; x_wconf 81' lang='lat' dir='ltr'><strong>quibus</strong></span> <span class='ocrx_word' id='word_1_25' title='bbox 373 815 407 866; x_wconf 82' lang='lat' dir='ltr'><strong>eb</strong></span> <span class='ocrx_word' id='word_1_26' title='bbox 427 817 574 880; x_wconf 78' lang='lat' dir='ltr'>imperante</span> <span class='ocrx_word' id='word_1_27' title='bbox 600 819 661 882; x_wconf 85' lang='lat' dir='ltr'><strong>elic,</strong></span> <span class='ocrx_word' id='word_1_28' title='bbox 701 815 847 880; x_wconf 82' lang='lat' dir='ltr'><strong>(licit,quiu</strong></span> <span class='ocrx_word' id='word_1_29' title='bbox 865 816 886 866; x_wconf 94' lang='lat' dir='ltr'><strong>si</strong></span> <span class='ocrx_word' id='word_1_30' title='bbox 903 817 1044 882; x_wconf 77' lang='lat' dir='ltr'><strong>imperaret</strong></span> <span class='ocrx_word' id='word_1_31' title='bbox 1056 819 1234 886; x_wconf 72' lang='lat' dir='ltr'><strong>Britannicus,</strong></span> 
     </span>
     <span class='ocr_line' id='line_1_6' title="bbox 125 891 1231 956; baseline 0.005 -15"><span class='ocrx_word' id='word_1_32' title='bbox 125 897 227 956; x_wconf 76' lang='lat' dir='ltr'><strong>praeter</strong></span> <span class='ocrx_word' id='word_1_33' title='bbox 237 891 327 956; x_wconf 85' lang='lat' dir='ltr'><strong>lilium,</strong></span> <span class='ocrx_word' id='word_1_34' title='bbox 337 907 389 943; x_wconf 88' lang='lat' dir='ltr'><strong>nou</strong></span> <span class='ocrx_word' id='word_1_35' title='bbox 401 893 558 945; x_wconf 81' lang='lat' dir='ltr'><strong>absolverer.</strong></span> <span class='ocrx_word' id='word_1_36' title='bbox 701 898 755 941; x_wconf 87' lang='lat' dir='ltr'><strong>turn</strong></span> <span class='ocrx_word' id='word_1_37' title='bbox 770 905 801 940; x_wconf 84' lang='lat' dir='ltr'><strong>eo</strong></span> <span class='ocrx_word' id='word_1_38' title='bbox 812 905 873 942; x_wconf 85' lang='lat' dir='ltr'><strong>cern</strong></span> <span class='ocrx_word' id='word_1_39' title='bbox 884 892 978 942; x_wconf 88' lang='lat' dir='ltr'><strong>nullius</strong></span> <span class='ocrx_word' id='word_1_40' title='bbox 996 893 1115 944; x_wconf 78' lang='lat' dir='ltr'><strong>veneficii</strong></span> <span class='ocrx_word' id='word_1_41' title='bbox 1127 895 1231 946; x_wconf 80' lang='lat' dir='ltr'><strong>conscie</strong></span> 
     </span>
    </p>

    <p class='ocr_par' dir='ltr' id='par_1_4' title="bbox 125 967 1235 1185">
     <span class='ocr_line' id='line_1_7' title="bbox 157 967 1235 1035; baseline 0.006 -19"><span class='ocrx_word' id='word_1_42' title='bbox 157 967 253 1018; x_wconf 79' lang='lat' dir='ltr'><strong>Talem</strong></span> <span class='ocrx_word' id='word_1_43' title='bbox 270 983 303 1018; x_wconf 81' lang='lat' dir='ltr'><strong>ex</strong></span> <span class='ocrx_word' id='word_1_44' title='bbox 314 969 363 1019; x_wconf 82' lang='lat' dir='ltr'><strong>lrsc</strong></span> <span class='ocrx_word' id='word_1_45' title='bbox 380 969 536 1035; x_wconf 72' lang='lat' dir='ltr'><strong>Agrippinen</strong></span> <span class='ocrx_word' id='word_1_46' title='bbox 544 970 661 1020; x_wconf 83' lang='lat' dir='ltr'><strong>oratione</strong></span> <span class='ocrx_word' id='word_1_47' title='bbox 700 967 900 1018; x_wconf 84' lang='lat' dir='ltr'><strong>essetadversus</strong></span> <span class='ocrx_word' id='word_1_48' title='bbox 912 968 1057 1019; x_wconf 75' lang='lat' dir='ltr'><strong>Britannici</strong></span> <span class='ocrx_word' id='word_1_49' title='bbox 1069 975 1188 1033; x_wconf 68' lang='lat' dir='ltr'><strong>patrem</strong></span> <span class='ocrx_word' id='word_1_50' title='bbox 1204 975 1235 1022; x_wconf 83' lang='lat' dir='ltr'><strong>et</strong></span> 
     </span>
     <span class='ocr_line' id='line_1_8' title="bbox 127 1041 1233 1110; baseline 0.005 -20"><span class='ocrx_word' id='word_1_51' title='bbox 127 1057 233 1094; x_wconf 81' lang='lat' dir='ltr'><strong>sensum</strong></span> <span class='ocrx_word' id='word_1_52' title='bbox 244 1045 337 1095; x_wconf 75' lang='lat' dir='ltr'><strong>clicuit</strong></span> <span class='ocrx_word' id='word_1_53' title='bbox 351 1047 501 1096; x_wconf 65' lang='lat' dir='ltr'><strong>Freedman</strong></span> <span class='ocrx_word' id='word_1_54' title='bbox 512 1047 663 1110; x_wconf 69' lang='lat' dir='ltr'><strong>venentius,</strong></span> <span class='ocrx_word' id='word_1_55' title='bbox 701 1041 750 1091; x_wconf 79' lang='lat' dir='ltr'><strong>linc</strong></span> <span class='ocrx_word' id='word_1_56' title='bbox 773 1048 843 1092; x_wconf 86' lang='lat' dir='ltr'><strong>stetu</strong></span> <span class='ocrx_word' id='word_1_57' title='bbox 866 1053 960 1103; x_wconf 86' lang='lat' dir='ltr'><strong>rerum,</strong></span> <span class='ocrx_word' id='word_1_58' title='bbox 984 1058 1035 1094; x_wconf 86' lang='lat' dir='ltr'><strong>nnn</strong></span> <span class='ocrx_word' id='word_1_59' title='bbox 1055 1043 1233 1108; x_wconf 75' lang='lat' dir='ltr'><strong>adoptandum</strong></span> 
     </span>
     <span class='ocr_line' id='line_1_9' title="bbox 125 1119 1232 1185; baseline 0.003 -18"><span class='ocrx_word' id='word_1_60' title='bbox 125 1121 433 1183; x_wconf 64' lang='lat' dir='ltr'><strong>namuurumnlfsltor.</strong></span> <span class='ocrx_word' id='word_1_61' title='bbox 449 1123 562 1172; x_wconf 66' lang='lat' dir='ltr'><strong>Meu.</strong></span> <span class='ocrx_word' id='word_1_62' title='bbox 701 1132 750 1181; x_wconf 90' lang='lat' dir='ltr'><strong>per</strong></span> <span class='ocrx_word' id='word_1_63' title='bbox 779 1119 864 1168; x_wconf 86' lang='lat' dir='ltr'><strong>scelus</strong></span> <span class='ocrx_word' id='word_1_64' title='bbox 889 1119 1021 1170; x_wconf 81' lang='lat' dir='ltr'>Neronem</span> <span class='ocrx_word' id='word_1_65' title='bbox 1054 1126 1232 1185; x_wconf 75' lang='lat' dir='ltr'><strong>prncnmrctr</strong></span> 
     </span>
    </p>

    <p class='ocr_par' dir='ltr' id='par_1_5' title="bbox 127 1194 1235 1940">
     <span class='ocr_line' id='line_1_10' title="bbox 158 1194 1233 1262; baseline 0 -15"><span class='ocrx_word' id='word_1_66' title='bbox 158 1197 289 1257; x_wconf 81' lang='lat' dir='ltr'><strong>Primum,</strong></span> <span class='ocrx_word' id='word_1_67' title='bbox 302 1212 355 1248; x_wconf 86' lang='lat' dir='ltr'><strong>nen</strong></span> <span class='ocrx_word' id='word_1_68' title='bbox 371 1205 412 1248; x_wconf 91' lang='lat' dir='ltr'><strong>est</strong></span> <span class='ocrx_word' id='word_1_69' title='bbox 429 1198 471 1248; x_wconf 86' lang='lat' dir='ltr'><strong>lslc</strong></span> <span class='ocrx_word' id='word_1_70' title='bbox 490 1199 609 1262; x_wconf 78' lang='lat' dir='ltr'><strong>ponenda</strong></span> <span class='ocrx_word' id='word_1_71' title='bbox 623 1199 662 1249; x_wconf 86' lang='lat' dir='ltr'><strong>in·</strong></span> <span class='ocrx_word' id='word_1_72' title='bbox 701 1195 789 1258; x_wconf 86' lang='lat' dir='ltr'><strong>sieque</strong></span> <span class='ocrx_word' id='word_1_73' title='bbox 799 1194 920 1244; x_wconf 84' lang='lat' dir='ltr'><strong>innocens</strong></span> <span class='ocrx_word' id='word_1_74' title='bbox 938 1203 1007 1244; x_wconf 86' lang='lat' dir='ltr'><strong>esset</strong></span> <span class='ocrx_word' id='word_1_75' title='bbox 1025 1196 1108 1244; x_wconf 84' lang='lat' dir='ltr'><strong>omnis</strong></span> <span class='ocrx_word' id='word_1_76' title='bbox 1119 1195 1233 1247; x_wconf 72' lang='lat' dir='ltr'><strong>criminin</strong></span> 
     </span>
     <span class='ocr_line' id='line_1_11' title="bbox 128 1270 1235 1338; baseline 0.001 -16"><span class='ocrx_word' id='word_1_77' title='bbox 128 1274 275 1336; x_wconf 72' lang='lat' dir='ltr'><strong>terrogatie</strong></span> <span class='ocrx_word' id='word_1_78' title='bbox 286 1279 347 1337; x_wconf 83' lang='lat' dir='ltr'><strong>pest</strong></span> <span class='ocrx_word' id='word_1_79' title='bbox 357 1286 446 1323; x_wconf 80' lang='lat' dir='ltr'><strong>recem</strong></span> <span class='ocrx_word' id='word_1_80' title='bbox 458 1279 576 1337; x_wconf 61' lang='lat' dir='ltr'><strong>mm,</strong></span> <span class='ocrx_word' id='word_1_81' title='bbox 593 1274 662 1338; x_wconf 80' lang='lat' dir='ltr'><strong>qnod</strong></span> <span class='ocrx_word' id='word_1_82' title='bbox 702 1270 729 1318; x_wconf 87' lang='lat' dir='ltr'><strong>ia</strong></span> <span class='ocrx_word' id='word_1_83' title='bbox 747 1271 935 1332; x_wconf 70' lang='lat' dir='ltr'><strong>Britsnnicnm</strong></span> <span class='ocrx_word' id='word_1_84' title='bbox 953 1271 1041 1335; x_wconf 83' lang='lat' dir='ltr'><strong>sicque</strong></span> <span class='ocrx_word' id='word_1_85' title='bbox 1056 1271 1143 1320; x_wconf 85' lang='lat' dir='ltr'><strong>visere</strong></span> <span class='ocrx_word' id='word_1_86' title='bbox 1161 1271 1235 1323; x_wconf 75' lang='lat' dir='ltr'><strong>abso·</strong></span> 
     </span>
     <span class='ocr_line' id='line_1_12' title="bbox 128 1345 1233 1414; baseline 0.001 -16"><span class='ocrx_word' id='word_1_87' title='bbox 128 1348 323 1412; x_wconf 83' lang='lat' dir='ltr'><strong>Lipsievisum.</strong></span> <span class='ocrx_word' id='word_1_88' title='bbox 351 1350 412 1399; x_wconf 85' lang='lat' dir='ltr'><strong>Non</strong></span> <span class='ocrx_word' id='word_1_89' title='bbox 423 1351 491 1400; x_wconf 89' lang='lat' dir='ltr'><strong>enirn</strong></span> <span class='ocrx_word' id='word_1_90' title='bbox 502 1349 604 1414; x_wconf 74' lang='lat' dir='ltr'><strong>querit,</strong></span> <span class='ocrx_word' id='word_1_91' title='bbox 615 1350 662 1400; x_wconf 80' lang='lat' dir='ltr'><strong>setl</strong></span> <span class='ocrx_word' id='word_1_92' title='bbox 701 1347 758 1395; x_wconf 84' lang='lat' dir='ltr'><strong>inte</strong></span> <span class='ocrx_word' id='word_1_93' title='bbox 777 1346 863 1410; x_wconf 83' lang='lat' dir='ltr'><strong>potnit</strong></span> <span class='ocrx_word' id='word_1_94' title='bbox 881 1345 1033 1410; x_wconf 78' lang='lat' dir='ltr'><strong>Agrippina,</strong></span> <span class='ocrx_word' id='word_1_95' title='bbox 1055 1345 1174 1410; x_wconf 84' lang='lat' dir='ltr'><strong>potiente</strong></span> <span class='ocrx_word' id='word_1_96' title='bbox 1193 1359 1233 1400; x_wconf 81' lang='lat' dir='ltr'><strong>re·</strong></span> 
     </span>
     <span class='ocr_line' id='line_1_13' title="bbox 127 1420 933 1488; baseline -0.001 -16"><span class='ocrx_word' id='word_1_97' title='bbox 127 1423 207 1486; x_wconf 85' lang='lat' dir='ltr'><strong>piane</strong></span> <span class='ocrx_word' id='word_1_98' title='bbox 226 1421 346 1486; x_wconf 79' lang='lat' dir='ltr'><strong>affirmat,</strong></span> <span class='ocrx_word' id='word_1_99' title='bbox 362 1425 478 1488; x_wconf 84' lang='lat' dir='ltr'><strong>petuisse</strong></span> <span class='ocrx_word' id='word_1_100' title='bbox 488 1439 517 1474; x_wconf 90' lang='lat' dir='ltr'><strong>se</strong></span> <span class='ocrx_word' id='word_1_101' title='bbox 526 1425 623 1488; x_wconf 84' lang='lat' dir='ltr'><strong>rivere,</strong></span> <span class='ocrx_word' id='word_1_102' title='bbox 634 1432 663 1475; x_wconf 86' lang='lat' dir='ltr'><strong>et</strong></span> <span class='ocrx_word' id='word_1_103' title='bbox 703 1435 761 1470; x_wconf 90' lang='lat' dir='ltr'><strong>rum</strong></span> <span class='ocrx_word' id='word_1_104' title='bbox 771 1420 933 1471; x_wconf 88' lang='lat' dir='ltr'><strong>Britannice.</strong></span> 
     </span>
     <span class='ocr_line' id='line_1_14' title="bbox 129 1489 1233 1564; baseline 0.002 -16"><span class='ocrx_word' id='word_1_105' title='bbox 129 1497 234 1562; x_wconf 74' lang='lat' dir='ltr'><strong>quidem</strong></span> <span class='ocrx_word' id='word_1_106' title='bbox 245 1504 310 1561; x_wconf 87' lang='lat' dir='ltr'><strong>tuto,</strong></span> <span class='ocrx_word' id='word_1_107' title='bbox 320 1500 342 1548; x_wconf 90' lang='lat' dir='ltr'><strong>si</strong></span> <span class='ocrx_word' id='word_1_108' title='bbox 357 1499 524 1550; x_wconf 84' lang='lat' dir='ltr'><strong>Britannicus</strong></span> <span class='ocrx_word' id='word_1_109' title='bbox 542 1501 663 1564; x_wconf 86' lang='lat' dir='ltr'><strong>adimpe·</strong></span> <span class='ocrx_word' id='word_1_110' title='bbox 735 1494 772 1545; x_wconf 78' lang='lat' dir='ltr'><strong>At</strong></span> <span class='ocrx_word' id='word_1_111' title='bbox 783 1495 804 1545; x_wconf 89' lang='lat' dir='ltr'><strong>si</strong></span> <span class='ocrx_word' id='word_1_112' title='bbox 816 1495 873 1560; x_wconf 85' lang='lat' dir='ltr'><strong>quis</strong></span> <span class='ocrx_word' id='word_1_113' title='bbox 891 1497 957 1545; x_wconf 89' lang='lat' dir='ltr'><strong>alius</strong></span> <span class='ocrx_word' id='word_1_114' title='bbox 977 1509 1045 1547; x_wconf 89' lang='lat' dir='ltr'><strong>nunc</strong></span> <span class='ocrx_word' id='word_1_115' title='bbox 1062 1489 1233 1563; x_wconf 47' lang='lat' dir='ltr'><strong>Rernpssnbti·</strong></span> 
     </span>
     <span class='ocr_line' id='line_1_15' title="bbox 129 1572 1233 1640; baseline -0.002 -17"><span class='ocrx_word' id='word_1_116' title='bbox 129 1574 196 1624; x_wconf 85' lang='lat' dir='ltr'><strong>rinna</strong></span> <span class='ocrx_word' id='word_1_117' title='bbox 207 1574 320 1624; x_wconf 81' lang='lat' dir='ltr'><strong>venisset</strong></span> <span class='ocrx_word' id='word_1_118' title='bbox 330 1591 337 1635; x_wconf 71' lang='grc' dir='ltr'>ς</span> <span class='ocrx_word' id='word_1_119' title='bbox 360 1575 455 1639; x_wconf 86' lang='lat' dir='ltr'><strong>quippe</strong></span> <span class='ocrx_word' id='word_1_120' title='bbox 466 1590 524 1640; x_wconf 75' lang='lat' dir='ltr'><strong>que</strong></span> <span class='ocrx_word' id='word_1_121' title='bbox 536 1577 662 1626; x_wconf 83' lang='lat' dir='ltr'><strong>nullorum</strong></span> <span class='ocrx_word' id='word_1_122' title='bbox 701 1572 945 1634; x_wconf 55' lang='lat' dir='ltr'><strong>nerenjurllmtrsnss</strong></span> <span class='ocrx_word' id='word_1_123' title='bbox 953 1572 1148 1640; x_wconf 75' lang='lat' dir='ltr'><strong>desigrippiua,</strong></span> <span class='ocrx_word' id='word_1_124' title='bbox 1159 1581 1233 1626; x_wconf 82' lang='lat' dir='ltr'><strong>certe</strong></span> 
     </span>
     <span class='ocr_line' id='line_1_16' title="bbox 128 1647 1232 1712; baseline -0.004 -13"><span class='ocrx_word' id='word_1_125' title='bbox 128 1647 242 1699; x_wconf 78' lang='lat' dir='ltr'><strong>offensus</strong></span> <span class='ocrx_word' id='word_1_126' title='bbox 251 1649 335 1699; x_wconf 82' lang='lat' dir='ltr'><strong>adhuc</strong></span> <span class='ocrx_word' id='word_1_127' title='bbox 345 1650 372 1698; x_wconf 93' lang='lat' dir='ltr'><strong>in</strong></span> <span class='ocrx_word' id='word_1_128' title='bbox 384 1666 412 1699; x_wconf 84' lang='lat' dir='ltr'><strong>ee</strong></span> <span class='ocrx_word' id='word_1_129' title='bbox 422 1652 587 1702; x_wconf 80' lang='lat' dir='ltr'><strong>concitasset.</strong></span> <span class='ocrx_word' id='word_1_130' title='bbox 614 1650 663 1701; x_wconf 82' lang='lat' dir='ltr'><strong>At·</strong></span> <span class='ocrx_word' id='word_1_131' title='bbox 702 1647 810 1697; x_wconf 88' lang='lat' dir='ltr'><strong>crimina</strong></span> <span class='ocrx_word' id='word_1_132' title='bbox 832 1648 997 1698; x_wconf 85' lang='lat' dir='ltr'><strong>commiserat</strong></span> <span class='ocrx_word' id='word_1_133' title='bbox 1018 1649 1074 1712; x_wconf 75' lang='lat' dir='ltr'><strong>ipsc</strong></span> <span class='ocrx_word' id='word_1_134' title='bbox 1092 1651 1118 1699; x_wconf 83' lang='lat' dir='ltr'><strong>in</strong></span> <span class='ocrx_word' id='word_1_135' title='bbox 1137 1652 1232 1702; x_wconf 72' lang='lat' dir='ltr'><strong>multos</strong></span> 
     </span>
     <span class='ocr_line' id='line_1_17' title="bbox 128 1722 1233 1790; baseline 0.003 -16"><span class='ocrx_word' id='word_1_136' title='bbox 128 1737 181 1790; x_wconf 80' lang='lat' dir='ltr'><strong>qne</strong></span> <span class='ocrx_word' id='word_1_137' title='bbox 201 1725 288 1774; x_wconf 86' lang='lat' dir='ltr'><strong>obiter</strong></span> <span class='ocrx_word' id='word_1_138' title='bbox 307 1725 431 1786; x_wconf 83' lang='lat' dir='ltr'><strong>ostendit,</strong></span> <span class='ocrx_word' id='word_1_139' title='bbox 442 1726 510 1790; x_wconf 83' lang='lat' dir='ltr'><strong>queri</strong></span> <span class='ocrx_word' id='word_1_140' title='bbox 525 1725 663 1789; x_wconf 85' lang='lat' dir='ltr'><strong>imperium</strong></span> <span class='ocrx_word' id='word_1_141' title='bbox 702 1722 798 1771; x_wconf 79' lang='lat' dir='ltr'><strong>civium</strong></span> <span class='ocrx_word' id='word_1_142' title='bbox 817 1723 893 1772; x_wconf 86' lang='lat' dir='ltr'><strong>Rern.</strong></span> <span class='ocrx_word' id='word_1_143' title='bbox 911 1723 938 1772; x_wconf 91' lang='lat' dir='ltr'><strong>iu</strong></span> <span class='ocrx_word' id='word_1_144' title='bbox 950 1737 1073 1786; x_wconf 79' lang='lat' dir='ltr'>proceres</span> <span class='ocrx_word' id='word_1_145' title='bbox 1090 1732 1119 1774; x_wconf 90' lang='lat' dir='ltr'><strong>et</strong></span> <span class='ocrx_word' id='word_1_146' title='bbox 1138 1727 1233 1788; x_wconf 88' lang='lat' dir='ltr'><strong>princi·</strong></span> 
     </span>
     <span class='ocr_line' id='line_1_18' title="bbox 129 1796 1233 1863; baseline 0.001 -14"><span class='ocrx_word' id='word_1_147' title='bbox 129 1799 162 1849; x_wconf 83' lang='lat' dir='ltr'><strong>ad</strong></span> <span class='ocrx_word' id='word_1_148' title='bbox 177 1800 310 1851; x_wconf 76' lang='lat' dir='ltr'>Neronem</span> <span class='ocrx_word' id='word_1_149' title='bbox 320 1801 491 1862; x_wconf 73' lang='lat' dir='ltr'><strong>transtulerit,</strong></span> <span class='ocrx_word' id='word_1_150' title='bbox 501 1815 552 1849; x_wconf 87' lang='lat' dir='ltr'><strong>nen</strong></span> <span class='ocrx_word' id='word_1_151' title='bbox 563 1800 613 1848; x_wconf 87' lang='lat' dir='ltr'><strong>sibi</strong></span> <span class='ocrx_word' id='word_1_152' title='bbox 625 1814 664 1863; x_wconf 92' lang='lat' dir='ltr'><strong>se,</strong></span> <span class='ocrx_word' id='word_1_153' title='bbox 700 1809 770 1859; x_wconf 84' lang='lat' dir='ltr'><strong>pern,</strong></span> <span class='ocrx_word' id='word_1_154' title='bbox 781 1796 872 1859; x_wconf 85' lang='lat' dir='ltr'><strong>quibus</strong></span> <span class='ocrx_word' id='word_1_155' title='bbox 884 1796 994 1845; x_wconf 82' lang='lat' dir='ltr'><strong>nonnisi</strong></span> <span class='ocrx_word' id='word_1_156' title='bbox 1006 1797 1233 1852; x_wconf 79' lang='lat' dir='ltr'><strong>afilinmtterab·</strong></span> 
     </span>
     <span class='ocr_line' id='line_1_19' title="bbox 129 1871 871 1940; baseline -0.008 -16"><span class='ocrx_word' id='word_1_157' title='bbox 129 1875 176 1925; x_wconf 83' lang='lat' dir='ltr'><strong>sed</strong></span> <span class='ocrx_word' id='word_1_158' title='bbox 187 1875 288 1926; x_wconf 80' lang='lat' dir='ltr'><strong>Neroni</strong></span> <span class='ocrx_word' id='word_1_159' title='bbox 299 1874 352 1925; x_wconf 81' lang='lat' dir='ltr'><strong>tilio</strong></span> <span class='ocrx_word' id='word_1_160' title='bbox 361 1876 522 1940; x_wconf 73' lang='lat' dir='ltr'><strong>prestitisse.</strong></span> <span class='ocrx_word' id='word_1_161' title='bbox 701 1871 871 1934; x_wconf 86' lang='lat' dir='ltr'><strong>selvipetnit.</strong></span> 
     </span>
    </p>

    <p class='ocr_par' dir='ltr' id='par_1_6' title="bbox 129 1947 1237 2844">
     <span class='ocr_line' id='line_1_20' title="bbox 162 1947 1232 2018; baseline 0 -17"><span class='ocrx_word' id='word_1_162' title='bbox 162 1951 258 2001; x_wconf 81' lang='lat' dir='ltr'><strong>Senem</strong></span> <span class='ocrx_word' id='word_1_163' title='bbox 269 1965 332 2015; x_wconf 75' lang='lat' dir='ltr'><strong>crgo</strong></span> <span class='ocrx_word' id='word_1_164' title='bbox 340 1959 394 2002; x_wconf 84' lang='lat' dir='ltr'><strong>est:</strong></span> <span class='ocrx_word' id='word_1_165' title='bbox 406 1952 433 2002; x_wconf 84' lang='lat' dir='ltr'><strong>Si</strong></span> <span class='ocrx_word' id='word_1_166' title='bbox 442 1951 576 2002; x_wconf 72' lang='lat' dir='ltr'><strong>Rubellius</strong></span> <span class='ocrx_word' id='word_1_167' title='bbox 584 1951 663 2001; x_wconf 82' lang='lat' dir='ltr'><strong>Plan·</strong></span> <span class='ocrx_word' id='word_1_168' title='bbox 734 1947 792 1996; x_wconf 88' lang='lat' dir='ltr'><strong>Nec</strong></span> <span class='ocrx_word' id='word_1_169' title='bbox 803 1954 876 1997; x_wconf 89' lang='lat' dir='ltr'><strong>certe</strong></span> <span class='ocrx_word' id='word_1_170' title='bbox 888 1947 996 1998; x_wconf 84' lang='lat' dir='ltr'><strong>deerant</strong></span> <span class='ocrx_word' id='word_1_171' title='bbox 1003 1955 1178 2014; x_wconf 85' lang='lat' dir='ltr'><strong>accusatores,</strong></span> <span class='ocrx_word' id='word_1_172' title='bbox 1188 1951 1232 2018; x_wconf 85' lang='lat' dir='ltr'><strong>qni</strong></span> 
     </span>
     <span class='ocr_line' id='line_1_21' title="bbox 129 2023 1233 2091; baseline 0.003 -16"><span class='ocrx_word' id='word_1_173' title='bbox 129 2032 181 2090; x_wconf 88' lang='lat' dir='ltr'><strong>tus,</strong></span> <span class='ocrx_word' id='word_1_174' title='bbox 190 2033 238 2076; x_wconf 84' lang='lat' dir='ltr'><strong>aut</strong></span> <span class='ocrx_word' id='word_1_175' title='bbox 248 2029 306 2091; x_wconf 82' lang='lat' dir='ltr'><strong>qnia</strong></span> <span class='ocrx_word' id='word_1_176' title='bbox 323 2029 398 2090; x_wconf 80' lang='lat' dir='ltr'><strong>aliua,</strong></span> <span class='ocrx_word' id='word_1_177' title='bbox 414 2029 486 2076; x_wconf 86' lang='lat' dir='ltr'><strong>nulla</strong></span> <span class='ocrx_word' id='word_1_178' title='bbox 497 2041 538 2076; x_wconf 84' lang='lat' dir='ltr'><strong>me</strong></span> <span class='ocrx_word' id='word_1_179' title='bbox 549 2024 664 2076; x_wconf 85' lang='lat' dir='ltr'><strong>necessi·</strong></span> <span class='ocrx_word' id='word_1_180' title='bbox 702 2028 731 2074; x_wconf 82' lang='lat' dir='ltr'><strong>et</strong></span> <span class='ocrx_word' id='word_1_181' title='bbox 741 2023 810 2072; x_wconf 87' lang='lat' dir='ltr'><strong>illam</strong></span> <span class='ocrx_word' id='word_1_182' title='bbox 821 2024 908 2074; x_wconf 89' lang='lat' dir='ltr'><strong>multis</strong></span> <span class='ocrx_word' id='word_1_183' title='bbox 918 2026 975 2075; x_wconf 87' lang='lat' dir='ltr'><strong>aliis</strong></span> <span class='ocrx_word' id='word_1_184' title='bbox 984 2025 1233 2091; x_wconf 77' lang='lat' dir='ltr'><strong>facineribne,etlern</strong></span> 
     </span>
     <span class='ocr_line' id='line_1_22' title="bbox 130 2099 1234 2166; baseline 0.001 -14"><span class='ocrx_word' id='word_1_185' title='bbox 130 2101 222 2152; x_wconf 79' lang='lat' dir='ltr'><strong>tudine</strong></span> <span class='ocrx_word' id='word_1_186' title='bbox 234 2103 538 2166; x_wconf 64' lang='lat' dir='ltr'><strong>contingennimperium</strong></span> <span class='ocrx_word' id='word_1_187' title='bbox 546 2101 665 2165; x_wconf 81' lang='lat' dir='ltr'><strong>invadet,</strong></span> <span class='ocrx_word' id='word_1_188' title='bbox 701 2099 761 2150; x_wconf 87' lang='lat' dir='ltr'><strong>elim</strong></span> <span class='ocrx_word' id='word_1_189' title='bbox 780 2101 901 2166; x_wconf 86' lang='lat' dir='ltr'><strong>pstrstis,</strong></span> <span class='ocrx_word' id='word_1_190' title='bbox 912 2101 1037 2164; x_wconf 83' lang='lat' dir='ltr'><strong>pollutum</strong></span> <span class='ocrx_word' id='word_1_191' title='bbox 1056 2105 1147 2153; x_wconf 84' lang='lat' dir='ltr'><strong>statim</strong></span> <span class='ocrx_word' id='word_1_192' title='bbox 1163 2103 1234 2153; x_wconf 84' lang='lat' dir='ltr'><strong>inre-</strong></span> 
     </span>
     <span class='ocr_line' id='line_1_23' title="bbox 130 2175 1234 2244; baseline 0.005 -19"><span class='ocrx_word' id='word_1_193' title='bbox 130 2177 488 2240; x_wconf 81' lang='lat' dir='ltr'><strong>etcumimperinlicentinm</strong></span> <span class='ocrx_word' id='word_1_194' title='bbox 503 2175 605 2242; x_wconf 81' lang='lat' dir='ltr'><strong>judicia</strong></span> <span class='ocrx_word' id='word_1_195' title='bbox 615 2191 664 2240; x_wconf 85' lang='lat' dir='ltr'><strong>pre</strong></span> <span class='ocrx_word' id='word_1_196' title='bbox 695 2177 805 2244; x_wconf 63' lang='lat' dir='ltr'><strong>tierent,</strong></span> <span class='ocrx_word' id='word_1_197' title='bbox 816 2179 838 2228; x_wconf 91' lang='lat' dir='ltr'><strong>si</strong></span> <span class='ocrx_word' id='word_1_198' title='bbox 858 2180 913 2242; x_wconf 89' lang='lat' dir='ltr'><strong>quir</strong></span> <span class='ocrx_word' id='word_1_199' title='bbox 931 2179 995 2228; x_wconf 82' lang='lat' dir='ltr'><strong>silus</strong></span> <span class='ocrx_word' id='word_1_200' title='bbox 1014 2179 1149 2243; x_wconf 87' lang='lat' dir='ltr'><strong>imperinm</strong></span> <span class='ocrx_word' id='word_1_201' title='bbox 1166 2179 1234 2231; x_wconf 84' lang='lat' dir='ltr'><strong>obti-</strong></span> 
     </span>
     <span class='ocr_line' id='line_1_24' title="bbox 129 2251 1234 2324; baseline 0.005 -24"><span class='ocrx_word' id='word_1_202' title='bbox 129 2258 196 2303; x_wconf 86' lang='lat' dir='ltr'><strong>nntn</strong></span> <span class='ocrx_word' id='word_1_203' title='bbox 208 2252 336 2315; x_wconf 81' lang='lat' dir='ltr'><strong>screandi,</strong></span> <span class='ocrx_word' id='word_1_204' title='bbox 347 2253 446 2302; x_wconf 85' lang='lat' dir='ltr'><strong>clarum</strong></span> <span class='ocrx_word' id='word_1_205' title='bbox 457 2259 497 2301; x_wconf 84' lang='lat' dir='ltr'><strong>eet</strong></span> <span class='ocrx_word' id='word_1_206' title='bbox 511 2266 562 2302; x_wconf 87' lang='lat' dir='ltr'><strong>nen</strong></span> <span class='ocrx_word' id='word_1_207' title='bbox 572 2251 663 2301; x_wconf 85' lang='lat' dir='ltr'><strong>deesse</strong></span> <span class='ocrx_word' id='word_1_208' title='bbox 702 2252 873 2316; x_wconf 88' lang='lat' dir='ltr'><strong>neret,etism</strong></span> <span class='ocrx_word' id='word_1_209' title='bbox 885 2253 906 2301; x_wconf 91' lang='lat' dir='ltr'><strong>sl</strong></span> <span class='ocrx_word' id='word_1_210' title='bbox 917 2255 957 2303; x_wconf 84' lang='lat' dir='ltr'><strong>rel</strong></span> <span class='ocrx_word' id='word_1_211' title='bbox 968 2256 1076 2305; x_wconf 85' lang='lat' dir='ltr'><strong>meritus</strong></span> <span class='ocrx_word' id='word_1_212' title='bbox 1085 2254 1234 2324; x_wconf 72' lang='lat' dir='ltr'><strong>imperaret,</strong></span> 
     </span>
     <span class='ocr_line' id='line_1_25' title="bbox 130 2327 1235 2392; baseline 0.002 -14"><span class='ocrx_word' id='word_1_213' title='bbox 130 2328 328 2388; x_wconf 79' lang='lat' dir='ltr'><strong>mlhiinimices,</strong></span> <span class='ocrx_word' id='word_1_214' title='bbox 338 2329 383 2392; x_wconf 87' lang='lat' dir='ltr'><strong>qui</strong></span> <span class='ocrx_word' id='word_1_215' title='bbox 394 2327 479 2390; x_wconf 86' lang='lat' dir='ltr'><strong>parati</strong></span> <span class='ocrx_word' id='word_1_216' title='bbox 489 2327 664 2390; x_wconf 86' lang='lat' dir='ltr'><strong>sintebjicere</strong></span> <span class='ocrx_word' id='word_1_217' title='bbox 703 2327 763 2391; x_wconf 85' lang='lat' dir='ltr'><strong>quie</strong></span> <span class='ocrx_word' id='word_1_218' title='bbox 780 2328 926 2390; x_wconf 80' lang='lat' dir='ltr'><strong>exemplum</strong></span> <span class='ocrx_word' id='word_1_219' title='bbox 946 2328 974 2377; x_wconf 92' lang='lat' dir='ltr'><strong>in</strong></span> <span class='ocrx_word' id='word_1_220' title='bbox 992 2343 1020 2378; x_wconf 89' lang='lat' dir='ltr'><strong>se</strong></span> <span class='ocrx_word' id='word_1_221' title='bbox 1036 2329 1148 2380; x_wconf 88' lang='lat' dir='ltr'><strong>criminis</strong></span> <span class='ocrx_word' id='word_1_222' title='bbox 1159 2331 1235 2380; x_wconf 87' lang='lat' dir='ltr'><strong>intel·</strong></span> 
     </span>
     <span class='ocr_line' id='line_1_26' title="bbox 130 2400 1174 2468; baseline -0.001 -14"><span class='ocrx_word' id='word_1_223' title='bbox 130 2405 202 2466; x_wconf 85' lang='lat' dir='ltr'><strong>mihi,</strong></span> <span class='ocrx_word' id='word_1_224' title='bbox 212 2417 264 2454; x_wconf 85' lang='lat' dir='ltr'><strong>nen</strong></span> <span class='ocrx_word' id='word_1_225' title='bbox 275 2403 344 2452; x_wconf 80' lang='lat' dir='ltr'><strong>levia</strong></span> <span class='ocrx_word' id='word_1_226' title='bbox 355 2403 484 2468; x_wconf 79' lang='lat' dir='ltr'><strong>quaedam,</strong></span> <span class='ocrx_word' id='word_1_227' title='bbox 499 2401 547 2450; x_wconf 83' lang='lat' dir='ltr'><strong>sed</strong></span> <span class='ocrx_word' id='word_1_228' title='bbox 557 2400 665 2451; x_wconf 87' lang='lat' dir='ltr'><strong>strecis·</strong></span> <span class='ocrx_word' id='word_1_229' title='bbox 703 2402 785 2466; x_wconf 79' lang='lat' dir='ltr'><strong>ligere</strong></span> <span class='ocrx_word' id='word_1_230' title='bbox 797 2409 825 2452; x_wconf 87' lang='lat' dir='ltr'><strong>et</strong></span> <span class='ocrx_word' id='word_1_231' title='bbox 836 2409 952 2451; x_wconf 84' lang='lat' dir='ltr'><strong>metuere</strong></span> <span class='ocrx_word' id='word_1_232' title='bbox 965 2403 1070 2452; x_wconf 84' lang='lat' dir='ltr'><strong>taudem</strong></span> <span class='ocrx_word' id='word_1_233' title='bbox 1082 2405 1174 2466; x_wconf 83' lang='lat' dir='ltr'><strong>potnit.</strong></span> 
     </span>
     <span class='ocr_line' id='line_1_27' title="bbox 130 2474 1233 2544; baseline -0.002 -14"><span class='ocrx_word' id='word_1_234' title='bbox 130 2481 203 2543; x_wconf 81' lang='lat' dir='ltr'><strong>sima,</strong></span> <span class='ocrx_word' id='word_1_235' title='bbox 215 2479 302 2544; x_wconf 86' lang='lat' dir='ltr'><strong>qualia</strong></span> <span class='ocrx_word' id='word_1_236' title='bbox 313 2477 384 2542; x_wconf 83' lang='lat' dir='ltr'><strong>spnrl</strong></span> <span class='ocrx_word' id='word_1_237' title='bbox 400 2484 562 2536; x_wconf 79' lang='lat' dir='ltr'><strong>extraneum,</strong></span> <span class='ocrx_word' id='word_1_238' title='bbox 573 2474 665 2525; x_wconf 78' lang='lat' dir='ltr'><strong>utfor-</strong></span> <span class='ocrx_word' id='word_1_239' title='bbox 737 2477 773 2525; x_wconf 84' lang='lat' dir='ltr'><strong>Et</strong></span> <span class='ocrx_word' id='word_1_240' title='bbox 792 2476 829 2525; x_wconf 87' lang='lat' dir='ltr'><strong>sic</strong></span> <span class='ocrx_word' id='word_1_241' title='bbox 849 2490 1037 2541; x_wconf 82' lang='lat' dir='ltr'><strong>quemcumque</strong></span> <span class='ocrx_word' id='word_1_242' title='bbox 1055 2477 1132 2526; x_wconf 85' lang='lat' dir='ltr'><strong>alium</strong></span> <span class='ocrx_word' id='word_1_243' title='bbox 1149 2490 1233 2528; x_wconf 87' lang='lat' dir='ltr'><strong>rerurn</strong></span> 
     </span>
     <span class='ocr_line' id='line_1_28' title="bbox 131 2549 1237 2618; baseline -0.001 -14"><span class='ocrx_word' id='word_1_244' title='bbox 131 2555 258 2604; x_wconf 76' lang='lat' dir='ltr'><strong>nidelesa</strong></span> <span class='ocrx_word' id='word_1_245' title='bbox 271 2559 313 2602; x_wconf 86' lang='lat' dir='ltr'><strong>est</strong></span> <span class='ocrx_word' id='word_1_246' title='bbox 329 2566 429 2602; x_wconf 79' lang='lat' dir='ltr'><strong>summe</strong></span> <span class='ocrx_word' id='word_1_247' title='bbox 444 2558 571 2615; x_wconf 85' lang='lat' dir='ltr'><strong>potestas,</strong></span> <span class='ocrx_word' id='word_1_248' title='bbox 586 2549 676 2610; x_wconf 69' lang='lat' dir='ltr'><strong>ntem,</strong></span> <span class='ocrx_word' id='word_1_249' title='bbox 703 2550 847 2614; x_wconf 80' lang='lat' dir='ltr'><strong>potientem</strong></span> <span class='ocrx_word' id='word_1_250' title='bbox 857 2559 973 2600; x_wconf 89' lang='lat' dir='ltr'><strong>metuere</strong></span> <span class='ocrx_word' id='word_1_251' title='bbox 984 2551 1168 2616; x_wconf 57' lang='lat' dir='ltr'><strong>debuigetiam</strong></span> <span class='ocrx_word' id='word_1_252' title='bbox 1177 2567 1237 2618; x_wconf 89' lang='lat' dir='ltr'><strong>prn-</strong></span> 
     </span>
     <span class='ocr_line' id='line_1_29' title="bbox 130 2624 1234 2694; baseline -0.001 -15"><span class='ocrx_word' id='word_1_253' title='bbox 130 2627 375 2694; x_wconf 81' lang='lat' dir='ltr'><strong>pessuntinrcnirc,</strong></span> <span class='ocrx_word' id='word_1_254' title='bbox 391 2625 460 2690; x_wconf 90' lang='lat' dir='ltr'><strong>apnd</strong></span> <span class='ocrx_word' id='word_1_255' title='bbox 480 2624 561 2675; x_wconf 83' lang='lat' dir='ltr'><strong>iillum</strong></span> <span class='ocrx_word' id='word_1_256' title='bbox 579 2629 665 2674; x_wconf 83' lang='lat' dir='ltr'><strong>sutem</strong></span> <span class='ocrx_word' id='word_1_257' title='bbox 704 2627 837 2691; x_wconf 85' lang='lat' dir='ltr'><strong>pinqnunr,</strong></span> <span class='ocrx_word' id='word_1_258' title='bbox 856 2627 935 2676; x_wconf 88' lang='lat' dir='ltr'><strong>etiam</strong></span> <span class='ocrx_word' id='word_1_259' title='bbox 955 2627 1083 2692; x_wconf 87' lang='lat' dir='ltr'><strong>maritum,</strong></span> <span class='ocrx_word' id='word_1_260' title='bbox 1098 2628 1234 2680; x_wconf 78' lang='lat' dir='ltr'><strong>etiaminn·</strong></span> 
     </span>
     <span class='ocr_line' id='line_1_30' title="bbox 132 2702 1235 2768; baseline 0.001 -12"><span class='ocrx_word' id='word_1_261' title='bbox 132 2705 166 2756; x_wconf 79' lang='lat' dir='ltr'><strong>de</strong></span> <span class='ocrx_word' id='word_1_262' title='bbox 181 2711 265 2755; x_wconf 74' lang='lat' dir='ltr'><strong>mette</strong></span> <span class='ocrx_word' id='word_1_263' title='bbox 275 2717 325 2753; x_wconf 86' lang='lat' dir='ltr'><strong>nen</strong></span> <span class='ocrx_word' id='word_1_264' title='bbox 336 2707 451 2767; x_wconf 84' lang='lat' dir='ltr'><strong>pessunt,</strong></span> <span class='ocrx_word' id='word_1_265' title='bbox 461 2702 582 2752; x_wconf 75' lang='lat' dir='ltr'><strong>obeunte</strong></span> <span class='ocrx_word' id='word_1_266' title='bbox 592 2707 665 2751; x_wconf 88' lang='lat' dir='ltr'><strong>natu·</strong></span> <span class='ocrx_word' id='word_1_267' title='bbox 704 2703 777 2766; x_wconf 89' lang='lat' dir='ltr'><strong>perio</strong></span> <span class='ocrx_word' id='word_1_268' title='bbox 789 2709 817 2752; x_wconf 89' lang='lat' dir='ltr'><strong>et</strong></span> <span class='ocrx_word' id='word_1_269' title='bbox 828 2703 947 2767; x_wconf 79' lang='lat' dir='ltr'><strong>conjugio</strong></span> <span class='ocrx_word' id='word_1_270' title='bbox 958 2716 1004 2752; x_wconf 88' lang='lat' dir='ltr'><strong>sno</strong></span> <span class='ocrx_word' id='word_1_271' title='bbox 1020 2712 1139 2754; x_wconf 82' lang='lat' dir='ltr'><strong>evectum</strong></span> <span class='ocrx_word' id='word_1_272' title='bbox 1150 2721 1159 2768; x_wconf 72' lang='grc' dir='ltr'><strong><em>ς</em></strong></span> <span class='ocrx_word' id='word_1_273' title='bbox 1175 2719 1235 2757; x_wconf 78' lang='lat' dir='ltr'><strong>unm</strong></span> 
     </span>
     <span class='ocr_line' id='line_1_31' title="bbox 132 2776 1234 2844; baseline 0.001 -14"><span class='ocrx_word' id='word_1_274' title='bbox 132 2779 181 2830; x_wconf 82' lang='lat' dir='ltr'><strong>rall</strong></span> <span class='ocrx_word' id='word_1_275' title='bbox 192 2779 313 2830; x_wconf 81' lang='lat' dir='ltr'><strong>caritate.</strong></span> <span class='ocrx_word' id='word_1_276' title='bbox 705 2776 813 2826; x_wconf 86' lang='lat' dir='ltr'><strong>crimlns</strong></span> <span class='ocrx_word' id='word_1_277' title='bbox 828 2791 860 2826; x_wconf 81' lang='lat' dir='ltr'><strong>ce</strong></span> <span class='ocrx_word' id='word_1_278' title='bbox 879 2784 1037 2842; x_wconf 68' lang='lat' dir='ltr'><strong>patraverat,</strong></span> <span class='ocrx_word' id='word_1_279' title='bbox 1052 2779 1143 2844; x_wconf 83' lang='lat' dir='ltr'><strong>quibus</strong></span> <span class='ocrx_word' id='word_1_280' title='bbox 1154 2781 1234 2831; x_wconf 82' lang='lat' dir='ltr'><strong>ascio</strong></span> 
     </span>
    </p>

    <p class='ocr_par' dir='ltr' id='par_1_7' title="bbox 131 2851 1260 3147">
     <span class='ocr_line' id='line_1_32' title="bbox 164 2851 1235 2919; baseline 0.002 -14"><span class='ocrx_word' id='word_1_281' title='bbox 164 2855 226 2906; x_wconf 81' lang='lat' dir='ltr'><strong>Hoc</strong></span> <span class='ocrx_word' id='word_1_282' title='bbox 238 2855 314 2904; x_wconf 84' lang='lat' dir='ltr'><strong>mede</strong></span> <span class='ocrx_word' id='word_1_283' title='bbox 325 2853 466 2905; x_wconf 77' lang='lat' dir='ltr'><strong>ertlficiose</strong></span> <span class='ocrx_word' id='word_1_284' title='bbox 477 2852 615 2904; x_wconf 79' lang='lat' dir='ltr'><strong>admodum</strong></span> <span class='ocrx_word' id='word_1_285' title='bbox 626 2867 665 2902; x_wconf 90' lang='lat' dir='ltr'><strong>es·</strong></span> <span class='ocrx_word' id='word_1_286' title='bbox 704 2851 758 2902; x_wconf 86' lang='lat' dir='ltr'><strong>lilio</strong></span> <span class='ocrx_word' id='word_1_287' title='bbox 779 2860 863 2903; x_wconf 88' lang='lat' dir='ltr'><strong>mater</strong></span> <span class='ocrx_word' id='word_1_288' title='bbox 881 2853 979 2904; x_wconf 80' lang='lat' dir='ltr'><strong>absolvi</strong></span> <span class='ocrx_word' id='word_1_289' title='bbox 997 2855 1092 2919; x_wconf 87' lang='lat' dir='ltr'><strong>potuit.</strong></span> <span class='ocrx_word' id='word_1_290' title='bbox 1127 2856 1171 2906; x_wconf 88' lang='lat' dir='ltr'><strong>Sic</strong></span> <span class='ocrx_word' id='word_1_291' title='bbox 1187 2855 1235 2907; x_wconf 88' lang='lat' dir='ltr'><strong>lib.</strong></span> 
     </span>
     <span class='ocr_line' id='line_1_33' title="bbox 132 2929 1235 2996; baseline -0.002 -14"><span class='ocrx_word' id='word_1_292' title='bbox 132 2930 220 2982; x_wconf 83' lang='lat' dir='ltr'><strong>tentllt</strong></span> <span class='ocrx_word' id='word_1_293' title='bbox 242 2929 399 2994; x_wconf 75' lang='lat' dir='ltr'><strong>Agrippina,</strong></span> <span class='ocrx_word' id='word_1_294' title='bbox 423 2930 486 2979; x_wconf 85' lang='lat' dir='ltr'><strong>nihii</strong></span> <span class='ocrx_word' id='word_1_295' title='bbox 509 2943 574 2992; x_wconf 89' lang='lat' dir='ltr'><strong>esse,</strong></span> <span class='ocrx_word' id='word_1_296' title='bbox 595 2929 666 2994; x_wconf 82' lang='lat' dir='ltr'><strong>qnod</strong></span> <span class='ocrx_word' id='word_1_297' title='bbox 705 2929 850 2979; x_wconf 60' lang='lat' dir='ltr'><strong>munbi</strong></span> <span class='ocrx_word' id='word_1_298' title='bbox 861 2929 894 2978; x_wconf 89' lang='lat' dir='ltr'><strong>de</strong></span> <span class='ocrx_word' id='word_1_299' title='bbox 908 2929 981 2993; x_wconf 87' lang='lat' dir='ltr'><strong>Silio,</strong></span> <span class='ocrx_word' id='word_1_300' title='bbox 993 2929 1036 2995; x_wconf 87' lang='lat' dir='ltr'><strong>qul</strong></span> <span class='ocrx_word' id='word_1_301' title='bbox 1047 2930 1184 2996; x_wconf 87' lang='lat' dir='ltr'><strong>imperium</strong></span> <span class='ocrx_word' id='word_1_302' title='bbox 1201 2945 1235 2982; x_wconf 88' lang='lat' dir='ltr'><strong>ex</strong></span> 
     </span>
     <span class='ocr_line' id='line_1_34' title="bbox 131 3004 1237 3071; baseline 0 -15"><span class='ocrx_word' id='word_1_303' title='bbox 131 3005 665 3071; x_wconf 69' lang='lat' dir='ltr'><strong>magiemetneredeberet‚qnasnidquod</strong></span> <span class='ocrx_word' id='word_1_304' title='bbox 703 3004 866 3054; x_wconf 82' lang='lat' dir='ltr'><strong>matrimonio</strong></span> <span class='ocrx_word' id='word_1_305' title='bbox 899 3004 1057 3055; x_wconf 75' lang='lat' dir='ltr'><strong>MessallInse</strong></span> <span class='ocrx_word' id='word_1_306' title='bbox 1094 3004 1237 3068; x_wconf 80' lang='lat' dir='ltr'><strong>affectavit,</strong></span> 
     </span>
     <span class='ocr_line' id='line_1_35' title="bbox 131 3080 1260 3147; baseline -0.001 -15"><span class='ocrx_word' id='word_1_307' title='bbox 131 3081 294 3145; x_wconf 72' lang='lat' dir='ltr'><strong>concupiisse</strong></span> <span class='ocrx_word' id='word_1_308' title='bbox 305 3082 473 3146; x_wconf 74' lang='lat' dir='ltr'><strong>arguebatur.</strong></span> <span class='ocrx_word' id='word_1_309' title='bbox 497 3082 605 3131; x_wconf 74' lang='lat' dir='ltr'><strong>Grotius.</strong></span> <span class='ocrx_word' id='word_1_310' title='bbox 703 3081 814 3147; x_wconf 83' lang='lat' dir='ltr'><strong>ideoque</strong></span> <span class='ocrx_word' id='word_1_311' title='bbox 825 3081 929 3144; x_wconf 84' lang='lat' dir='ltr'><strong>nuptias</strong></span> <span class='ocrx_word' id='word_1_312' title='bbox 940 3080 1058 3131; x_wconf 77' lang='lat' dir='ltr'><strong>festinari</strong></span> <span class='ocrx_word' id='word_1_313' title='bbox 1069 3082 1236 3146; x_wconf 83' lang='lat' dir='ltr'><strong>postulabat:</strong></span> <span class='ocrx_word' id='word_1_314' title='bbox 1258 3139 1260 3142; x_wconf 83' lang='lat'>.</span> 
     </span>
    </p>

    <p class='ocr_par' dir='ltr' id='par_1_8' title="bbox 162 3155 1235 3221">
     <span class='ocr_line' id='line_1_36' title="bbox 162 3155 1235 3221; baseline 0.001 -15"><span class='ocrx_word' id='word_1_315' title='bbox 162 3156 269 3206; x_wconf 77' lang='lat' dir='ltr'><strong>Falsum</strong></span> <span class='ocrx_word' id='word_1_316' title='bbox 288 3162 329 3205; x_wconf 90' lang='lat' dir='ltr'><strong>est</strong></span> <span class='ocrx_word' id='word_1_317' title='bbox 349 3155 420 3220; x_wconf 84' lang='lat' dir='ltr'><strong>qued</strong></span> <span class='ocrx_word' id='word_1_318' title='bbox 435 3169 581 3219; x_wconf 80' lang='lat' dir='ltr'><strong>supponere</strong></span> <span class='ocrx_word' id='word_1_319' title='bbox 593 3156 664 3207; x_wconf 81' lang='lat' dir='ltr'><strong>ride·</strong></span> <span class='ocrx_word' id='word_1_320' title='bbox 705 3157 847 3221; x_wconf 79' lang='lat' dir='ltr'><strong>‘segniter</strong></span> <span class='ocrx_word' id='word_1_321' title='bbox 867 3157 906 3206; x_wconf 79' lang='lat' dir='ltr'><strong>hee</strong></span> <span class='ocrx_word' id='word_1_322' title='bbox 929 3169 1006 3205; x_wconf 83' lang='lat' dir='ltr'><strong>voees</strong></span> <span class='ocrx_word' id='word_1_323' title='bbox 1035 3163 1162 3220; x_wconf 74' lang='lat' dir='ltr'><strong>accepte,</strong></span> <span class='ocrx_word' id='word_1_324' title='bbox 1184 3171 1235 3207; x_wconf 86' lang='lat' dir='ltr'><strong>nen</strong></span> 
     </span>
    </p>
   </div>
   <div class='ocr_carea' id='block_1_4' title="bbox 131 3229 1237 3293">
    <p class='ocr_par' dir='ltr' id='par_1_9' title="bbox 18 3209 1237 3293">
     <span class='ocr_line' id='line_1_37' title="bbox 131 3229 1237 3293; baseline -0.001 -12.093"><span class='ocrx_word' id='word_1_325' title='bbox 131 3229 306 3293; x_wconf 72' lang='lat' dir='ltr'><strong>moronus,</strong></span> <span class='ocrx_word' id='word_1_326' title='bbox 323 3230 445 3281; x_wconf 86' lang='lat' dir='ltr'><strong>Plautum</strong></span> <span class='ocrx_word' id='word_1_327' title='bbox 465 3232 537 3280; x_wconf 87' lang='lat' dir='ltr'><strong>nulla</strong></span> <span class='ocrx_word' id='word_1_328' title='bbox 555 3233 665 3281; x_wconf 88' lang='lat' dir='ltr'><strong>necessi-</strong></span> <span class='ocrx_word' id='word_1_329' title='bbox 705 3245 792 3280; x_wconf 85' lang='lat' dir='ltr'><strong>amore</strong></span> <span class='ocrx_word' id='word_1_330' title='bbox 804 3231 830 3279; x_wconf 90' lang='lat' dir='ltr'><strong>in</strong></span> <span class='ocrx_word' id='word_1_331' title='bbox 841 3229 1026 3293; x_wconf 85' lang='lat' dir='ltr'><strong>maritum,serl</strong></span> <span class='ocrx_word' id='word_1_332' title='bbox 1040 3244 1073 3279; x_wconf 89' lang='lat' dir='ltr'><strong>ne</strong></span> <span class='ocrx_word' id='word_1_333' title='bbox 1083 3230 1160 3280; x_wconf 86' lang='lat' dir='ltr'><strong>Silius</strong></span> <span class='ocrx_word' id='word_1_334' title='bbox 1170 3244 1237 3280; x_wconf 84' lang='lat' dir='ltr'><strong>sum·</strong></span> 
     </span>
    </p>
   </div>
   <div class='ocr_carea' id='block_1_5' title="bbox 129 3304 1300 3826">
    <p class='ocr_par' dir='ltr' id='par_1_10' title="bbox 129 3304 1238 3602">
     <span class='ocr_line' id='line_1_38' title="bbox 129 3304 1235 3370; baseline -0.002 -14"><span class='ocrx_word' id='word_1_335' title='bbox 129 3306 387 3368; x_wconf 80' lang='lat' dir='ltr'><strong>tatllnecnntingcre</strong></span> <span class='ocrx_word' id='word_1_336' title='bbox 398 3304 580 3370; x_wconf 81' lang='lat' dir='ltr'><strong>Agrippinam.</strong></span> <span class='ocrx_word' id='word_1_337' title='bbox 597 3308 665 3356; x_wconf 84' lang='lat' dir='ltr'><strong>Nam</strong></span> <span class='ocrx_word' id='word_1_338' title='bbox 704 3320 748 3355; x_wconf 88' lang='lat' dir='ltr'><strong>sna</strong></span> <span class='ocrx_word' id='word_1_339' title='bbox 768 3305 879 3370; x_wconf 81' lang='lat' dir='ltr'><strong>adeptus</strong></span> <span class='ocrx_word' id='word_1_340' title='bbox 905 3310 1042 3370; x_wconf 70' lang='lat' dir='ltr'><strong>sperneret</strong></span> <span class='ocrx_word' id='word_1_341' title='bbox 1074 3305 1235 3368; x_wconf 67' lang='lat' dir='ltr'><strong>adulteram</strong></span> 
     </span>
     <span class='ocr_line' id='line_1_39' title="bbox 130 3380 1236 3447; baseline 0.002 -16"><span class='ocrx_word' id='word_1_342' title='bbox 130 3382 175 3432; x_wconf 86' lang='lat' dir='ltr'><strong>ilie</strong></span> <span class='ocrx_word' id='word_1_343' title='bbox 187 3381 246 3446; x_wconf 83' lang='lat' dir='ltr'><strong>pari</strong></span> <span class='ocrx_word' id='word_1_344' title='bbox 266 3381 348 3445; x_wconf 75' lang='lat' dir='ltr'><strong>gradu</strong></span> <span class='ocrx_word' id='word_1_345' title='bbox 366 3380 512 3446; x_wconf 71' lang='lat' dir='ltr'><strong>Augustum</strong></span> <span class='ocrx_word' id='word_1_346' title='bbox 533 3383 665 3446; x_wconf 77' lang='lat' dir='ltr'><strong>continge·</strong></span> <span class='ocrx_word' id='word_1_347' title='bbox 705 3383 842 3447; x_wconf 87' lang='lat' dir='ltr'><strong>scelusque</strong></span> <span class='ocrx_word' id='word_1_348' title='bbox 866 3383 935 3432; x_wconf 85' lang='lat' dir='ltr'><strong>inter</strong></span> <span class='ocrx_word' id='word_1_349' title='bbox 955 3382 1080 3446; x_wconf 77' lang='lat' dir='ltr'><strong>ancipitia</strong></span> <span class='ocrx_word' id='word_1_350' title='bbox 1096 3383 1236 3446; x_wconf 78' lang='lat' dir='ltr'><strong>prunetum</strong></span> 
     </span>
     <span class='ocr_line' id='line_1_40' title="bbox 131 3455 1237 3523; baseline 0.004 -17"><span class='ocrx_word' id='word_1_351' title='bbox 131 3457 177 3508; x_wconf 81' lang='lat' dir='ltr'><strong>bet</strong></span> <span class='ocrx_word' id='word_1_352' title='bbox 188 3469 223 3505; x_wconf 87' lang='lat' dir='ltr'><strong>ac</strong></span> <span class='ocrx_word' id='word_1_353' title='bbox 241 3455 325 3518; x_wconf 82' lang='lat' dir='ltr'><strong>Nero,</strong></span> <span class='ocrx_word' id='word_1_354' title='bbox 335 3462 364 3505; x_wconf 88' lang='lat' dir='ltr'><strong>et</strong></span> <span class='ocrx_word' id='word_1_355' title='bbox 379 3463 509 3519; x_wconf 76' lang='lat' dir='ltr'><strong>praterea</strong></span> <span class='ocrx_word' id='word_1_356' title='bbox 525 3471 558 3506; x_wconf 82' lang='lat' dir='ltr'><strong>ex</strong></span> <span class='ocrx_word' id='word_1_357' title='bbox 573 3471 667 3523; x_wconf 85' lang='lat' dir='ltr'><strong>suppo·</strong></span> <span class='ocrx_word' id='word_1_358' title='bbox 705 3459 775 3508; x_wconf 78' lang='lat' dir='ltr'><strong>veris</strong></span> <span class='ocrx_word' id='word_1_359' title='bbox 786 3473 845 3507; x_wconf 80' lang='lat' dir='ltr'><strong>mex</strong></span> <span class='ocrx_word' id='word_1_360' title='bbox 857 3457 949 3522; x_wconf 83' lang='lat' dir='ltr'><strong>pretiis</strong></span> <span class='ocrx_word' id='word_1_361' title='bbox 961 3459 1121 3510; x_wconf 66' lang='lat' dir='ltr'><strong>estimaret!</strong></span> <span class='ocrx_word' id='word_1_362' title='bbox 1151 3461 1187 3512; x_wconf 85' lang='lat' dir='ltr'><strong>Et</strong></span> <span class='ocrx_word' id='word_1_363' title='bbox 1198 3474 1237 3510; x_wconf 87' lang='lat' dir='ltr'><strong>sa·</strong></span> 
     </span>
     <span class='ocr_line' id='line_1_41' title="bbox 130 3531 1238 3602; baseline 0.005 -21"><span class='ocrx_word' id='word_1_364' title='bbox 130 3533 181 3582; x_wconf 87' lang='lat' dir='ltr'><strong>site</strong></span> <span class='ocrx_word' id='word_1_365' title='bbox 192 3531 303 3581; x_wconf 84' lang='lat' dir='ltr'><strong>maritus</strong></span> <span class='ocrx_word' id='word_1_366' title='bbox 315 3537 386 3581; x_wconf 86' lang='lat' dir='ltr'><strong>esset</strong></span> <span class='ocrx_word' id='word_1_367' title='bbox 396 3531 560 3596; x_wconf 69' lang='lat' dir='ltr'><strong>Agrippina.</strong></span> <span class='ocrx_word' id='word_1_368' title='bbox 707 3536 741 3583; x_wconf 90' lang='lat' dir='ltr'><strong>tis</strong></span> <span class='ocrx_word' id='word_1_369' title='bbox 762 3535 853 3584; x_wconf 83' lang='lat' dir='ltr'><strong>innuit</strong></span> <span class='ocrx_word' id='word_1_370' title='bbox 877 3533 1021 3600; x_wconf 78' lang='lat' dir='ltr'><strong>Agrippina</strong></span> <span class='ocrx_word' id='word_1_371' title='bbox 1050 3549 1238 3602; x_wconf 87' lang='lat' dir='ltr'><strong>quemcumque</strong></span> 
     </span>
    </p>

    <p class='ocr_par' dir='ltr' id='par_1_11' title="bbox 130 3607 1300 3826">
     <span class='ocr_line' id='line_1_42' title="bbox 162 3607 1238 3674; baseline -0.002 -14"><span class='ocrx_word' id='word_1_372' title='bbox 162 3609 218 3660; x_wconf 78' lang='lat' dir='ltr'><strong>eet</strong></span> <span class='ocrx_word' id='word_1_373' title='bbox 229 3609 345 3673; x_wconf 81' lang='lat' dir='ltr'><strong>quamvis</strong></span> <span class='ocrx_word' id='word_1_374' title='bbox 361 3607 444 3658; x_wconf 81' lang='lat' dir='ltr'><strong>affinis</strong></span> <span class='ocrx_word' id='word_1_375' title='bbox 460 3616 529 3658; x_wconf 86' lang='lat' dir='ltr'><strong>esset</strong></span> <span class='ocrx_word' id='word_1_376' title='bbox 545 3608 667 3674; x_wconf 73' lang='lat' dir='ltr'><strong>Agrippi·</strong></span> <span class='ocrx_word' id='word_1_377' title='bbox 707 3607 860 3672; x_wconf 86' lang='lat' dir='ltr'><strong>principem,</strong></span> <span class='ocrx_word' id='word_1_378' title='bbox 871 3608 953 3657; x_wconf 87' lang='lat' dir='ltr'><strong>virum</strong></span> <span class='ocrx_word' id='word_1_379' title='bbox 964 3615 992 3658; x_wconf 85' lang='lat' dir='ltr'><strong>et</strong></span> <span class='ocrx_word' id='word_1_380' title='bbox 1000 3610 1138 3673; x_wconf 78' lang='lat' dir='ltr'><strong>conjugem</strong></span> <span class='ocrx_word' id='word_1_381' title='bbox 1148 3609 1238 3672; x_wconf 81' lang='lat' dir='ltr'><strong>etium,</strong></span> 
     </span>
     <span class='ocr_line' id='line_1_43' title="bbox 131 3683 1237 3751; baseline -0.005 -14"><span class='ocrx_word' id='word_1_382' title='bbox 131 3700 171 3737; x_wconf 70' lang='lat' dir='ltr'><strong>nt</strong></span> <span class='ocrx_word' id='word_1_383' title='bbox 183 3686 320 3751; x_wconf 85' lang='lat' dir='ltr'><strong>princepe,</strong></span> <span class='ocrx_word' id='word_1_384' title='bbox 338 3685 401 3734; x_wconf 83' lang='lat' dir='ltr'><strong>nihil</strong></span> <span class='ocrx_word' id='word_1_385' title='bbox 421 3684 538 3733; x_wconf 81' lang='lat' dir='ltr'><strong>adrem:</strong></span> <span class='ocrx_word' id='word_1_386' title='bbox 557 3698 626 3746; x_wconf 75' lang='lat' dir='ltr'><strong>nem,</strong></span> <span class='ocrx_word' id='word_1_387' title='bbox 636 3691 667 3734; x_wconf 90' lang='lat' dir='ltr'><strong>nt</strong></span> <span class='ocrx_word' id='word_1_388' title='bbox 705 3683 840 3734; x_wconf 80' lang='lat' dir='ltr'><strong>metuendi</strong></span> <span class='ocrx_word' id='word_1_389' title='bbox 856 3699 958 3734; x_wconf 79' lang='lat' dir='ltr'><strong>causum</strong></span> <span class='ocrx_word' id='word_1_390' title='bbox 974 3685 1104 3746; x_wconf 86' lang='lat' dir='ltr'><strong>habuisse,</strong></span> <span class='ocrx_word' id='word_1_391' title='bbox 1122 3698 1180 3734; x_wconf 87' lang='lat' dir='ltr'><strong>cunr</strong></span> <span class='ocrx_word' id='word_1_392' title='bbox 1192 3683 1237 3732; x_wconf 86' lang='lat' dir='ltr'><strong>ad·</strong></span> 
     </span>
     <span class='ocr_line' id='line_1_44' title="bbox 130 3758 1300 3826; baseline -0.003 -14"><span class='ocrx_word' id='word_1_393' title='bbox 130 3767 205 3812; x_wconf 83' lang='lat' dir='ltr'><strong>reete</strong></span> <span class='ocrx_word' id='word_1_394' title='bbox 216 3760 281 3810; x_wconf 81' lang='lat' dir='ltr'><strong>(licit</strong></span> <span class='ocrx_word' id='word_1_395' title='bbox 298 3760 365 3823; x_wconf 87' lang='lat' dir='ltr'><strong>ipsa,</strong></span> <span class='ocrx_word' id='word_1_396' title='bbox 383 3775 416 3809; x_wconf 89' lang='lat' dir='ltr'><strong>ea</strong></span> <span class='ocrx_word' id='word_1_397' title='bbox 425 3760 531 3810; x_wconf 82' lang='lat' dir='ltr'><strong>crimine</strong></span> <span class='ocrx_word' id='word_1_398' title='bbox 550 3760 666 3825; x_wconf 81' lang='lat' dir='ltr'><strong>objecta,</strong></span> <span class='ocrx_word' id='word_1_399' title='bbox 706 3758 754 3823; x_wconf 87' lang='lat' dir='ltr'><strong>dit,</strong></span> <span class='ocrx_word' id='word_1_400' title='bbox 764 3759 847 3823; x_wconf 72' lang='lat' dir='ltr'><strong>quibas</strong></span> <span class='ocrx_word' id='word_1_401' title='bbox 856 3760 927 3809; x_wconf 83' lang='lat' dir='ltr'><strong>nirs&#39;n</strong></span> <span class='ocrx_word' id='word_1_402' title='bbox 937 3760 995 3826; x_wconf 71' lang='lat' dir='ltr'><strong>filie</strong></span> <span class='ocrx_word' id='word_1_403' title='bbox 1005 3765 1082 3810; x_wconf 77' lang='lat' dir='ltr'><strong>nster</strong></span> <span class='ocrx_word' id='word_1_404' title='bbox 1092 3759 1237 3810; x_wconf 71' lang='lat' dir='ltr'><strong>mersisse</strong></span> <span class='ocrx_word' id='word_1_405' title='bbox 1296 3771 1300 3781; x_wconf 79' lang='grc'><em>“</em></span> 
     </span>
    </p>
   </div>
   <div class='ocr_carea' id='block_1_6' title="bbox 22 3836 800 3903">
    <p class='ocr_par' dir='ltr' id='par_1_12' title="bbox 22 3836 800 3903">
     <span class='ocr_line' id='line_1_45' title="bbox 22 3836 800 3903; baseline -0.027 -8"><span class='ocrx_word' id='word_1_406' title='bbox 22 3870 27 3883; x_wconf 63' lang='lat' dir='ltr'><em>v</em></span> <span class='ocrx_word' id='word_1_407' title='bbox 130 3837 235 3903; x_wconf 79' lang='lat' dir='ltr'><strong>quibu,</strong></span> <span class='ocrx_word' id='word_1_408' title='bbox 251 3850 268 3885; x_wconf 82' lang='lat' dir='ltr'><strong>a</strong></span> <span class='ocrx_word' id='word_1_409' title='bbox 284 3837 339 3884; x_wconf 85' lang='lat' dir='ltr'><strong>sein</strong></span> <span class='ocrx_word' id='word_1_410' title='bbox 355 3836 408 3885; x_wconf 82' lang='lat' dir='ltr'><strong>titio</strong></span> <span class='ocrx_word' id='word_1_411' title='bbox 419 3836 517 3885; x_wconf 80' lang='lat' dir='ltr'><strong>absolvi</strong></span> <span class='ocrx_word' id='word_1_412' title='bbox 528 3845 612 3885; x_wconf 85' lang='lat' dir='ltr'><strong>mater</strong></span> <span class='ocrx_word' id='word_1_413' title='bbox 620 3850 666 3900; x_wconf 85' lang='lat' dir='ltr'><strong>pn·</strong></span> <span class='ocrx_word' id='word_1_414' title='bbox 702 3837 800 3900; x_wconf 60' lang='lat' dir='ltr'><strong>paim,</strong></span> 
     </span>
    </p>
   </div>
   <div class='ocr_carea' id='block_1_7' title="bbox 130 3911 1238 4129">
    <p class='ocr_par' dir='ltr' id='par_1_13' title="bbox 130 3911 1238 4129">
     <span class='ocr_line' id='line_1_46' title="bbox 130 3911 1238 3977; baseline -0.003 -14"><span class='ocrx_word' id='word_1_415' title='bbox 130 3915 194 3976; x_wconf 82' lang='lat' dir='ltr'><strong>tuit,</strong></span> <span class='ocrx_word' id='word_1_416' title='bbox 216 3926 271 3963; x_wconf 84' lang='lat' dir='ltr'><strong>unu</strong></span> <span class='ocrx_word' id='word_1_417' title='bbox 289 3917 378 3962; x_wconf 83' lang='lat' dir='ltr'><strong>autern</strong></span> <span class='ocrx_word' id='word_1_418' title='bbox 398 3927 415 3960; x_wconf 86' lang='lat' dir='ltr'><strong>s</strong></span> <span class='ocrx_word' id='word_1_419' title='bbox 438 3911 582 3977; x_wconf 81' lang='lat' dir='ltr'><strong>propinquo</strong></span> <span class='ocrx_word' id='word_1_420' title='bbox 602 3911 665 3973; x_wconf 88' lang='lat' dir='ltr'><strong>ulle,</strong></span> <span class='ocrx_word' id='word_1_421' title='bbox 742 3911 1238 3976; x_wconf 76' lang='lat' dir='ltr'><strong>Vinercego,Britnnnicopetientcrsrssss,</strong></span> 
     </span>
     <span class='ocr_line' id='line_1_47' title="bbox 131 3980 1237 4053; baseline -0.006 -13"><span class='ocrx_word' id='word_1_422' title='bbox 131 4005 184 4040; x_wconf 86' lang='lat' dir='ltr'><strong>nen</strong></span> <span class='ocrx_word' id='word_1_423' title='bbox 193 4004 211 4039; x_wconf 84' lang='lat' dir='ltr'><strong>a</strong></span> <span class='ocrx_word' id='word_1_424' title='bbox 219 3989 315 4038; x_wconf 83' lang='lat' dir='ltr'><strong>marito</strong></span> <span class='ocrx_word' id='word_1_425' title='bbox 325 3987 394 4051; x_wconf 82' lang='lat' dir='ltr'><strong>ipsu,</strong></span> <span class='ocrx_word' id='word_1_426' title='bbox 404 3987 451 4052; x_wconf 84' lang='lat' dir='ltr'><strong>qui</strong></span> <span class='ocrx_word' id='word_1_427' title='bbox 461 3980 567 4038; x_wconf 80' lang='lat' dir='ltr'><strong>sceleris</strong></span> <span class='ocrx_word' id='word_1_428' title='bbox 578 4001 666 4038; x_wconf 80' lang='lat' dir='ltr'><strong>exenn-</strong></span> <span class='ocrx_word' id='word_1_429' title='bbox 701 3989 821 4053; x_wconf 62' lang='lat' dir='ltr'><strong>puerum]</strong></span> <span class='ocrx_word' id='word_1_430' title='bbox 843 3987 923 4037; x_wconf 84' lang='lat' dir='ltr'><strong>Certe</strong></span> <span class='ocrx_word' id='word_1_431' title='bbox 933 3988 982 4042; x_wconf 86' lang='lat' dir='ltr'><strong>irec</strong></span> <span class='ocrx_word' id='word_1_432' title='bbox 993 3990 1086 4051; x_wconf 80' lang='lat' dir='ltr'><strong>posito,</strong></span> <span class='ocrx_word' id='word_1_433' title='bbox 1097 3984 1168 4051; x_wconf 87' lang='lat' dir='ltr'><strong>quod</strong></span> <span class='ocrx_word' id='word_1_434' title='bbox 1179 3999 1237 4048; x_wconf 75' lang='lat' dir='ltr'><strong>reg·</strong></span> 
     </span>
     <span class='ocr_line' id='line_1_48' title="bbox 132 4057 1236 4129; baseline -0.005 -17"><span class='ocrx_word' id='word_1_435' title='bbox 132 4065 204 4129; x_wconf 80' lang='lat' dir='ltr'><strong>pins</strong></span> <span class='ocrx_word' id='word_1_436' title='bbox 214 4063 362 4125; x_wconf 71' lang='lat' dir='ltr'><strong>intelligere</strong></span> <span class='ocrx_word' id='word_1_437' title='bbox 373 4063 471 4126; x_wconf 80' lang='lat' dir='ltr'><strong>potnit.</strong></span> <span class='ocrx_word' id='word_1_438' title='bbox 705 4073 782 4113; x_wconf 82' lang='lat' dir='ltr'><strong>neret</strong></span> <span class='ocrx_word' id='word_1_439' title='bbox 793 4077 868 4112; x_wconf 81' lang='lat' dir='ltr'><strong>verus</strong></span> <span class='ocrx_word' id='word_1_440' title='bbox 881 4061 925 4111; x_wconf 88' lang='lat' dir='ltr'><strong>ilie</strong></span> <span class='ocrx_word' id='word_1_441' title='bbox 941 4062 1022 4110; x_wconf 72' lang='lat' dir='ltr'><strong>heres</strong></span> <span class='ocrx_word' id='word_1_442' title='bbox 1042 4059 1154 4123; x_wconf 87' lang='lat' dir='ltr'><strong>imperii,</strong></span> <span class='ocrx_word' id='word_1_443' title='bbox 1171 4057 1236 4108; x_wconf 82' lang='lat' dir='ltr'><strong>nihil</strong></span> 
     </span>
    </p>
   </div>
   <div class='ocr_carea' id='block_1_8' title="bbox 167 4135 1348 4205">
    <p class='ocr_par' dir='ltr' id='par_1_14' title="bbox 167 4135 1348 4205">
     <span class='ocr_line' id='line_1_49' title="bbox 167 4135 1348 4205; baseline -0.005 -14"><span class='ocrx_word' id='word_1_444' title='bbox 167 4140 252 4192; x_wconf 70' lang='lat' dir='ltr'><strong>Vssere</strong></span> <span class='ocrx_word' id='word_1_445' title='bbox 270 4152 324 4205; x_wconf 69' lang='lat' dir='ltr'><strong>een,</strong></span> <span class='ocrx_word' id='word_1_446' title='bbox 344 4136 490 4190; x_wconf 66' lang='lat' dir='ltr'><strong>Britanies</strong></span> <span class='ocrx_word' id='word_1_447' title='bbox 504 4137 611 4202; x_wconf 67' lang='lat' dir='ltr'><strong>presse</strong></span> <span class='ocrx_word' id='word_1_448' title='bbox 628 4153 666 4192; x_wconf 85' lang='lat' dir='ltr'><strong>rs·</strong></span> <span class='ocrx_word' id='word_1_449' title='bbox 704 4143 840 4204; x_wconf 73' lang='lat' dir='ltr'><strong>peccasset</strong></span> <span class='ocrx_word' id='word_1_450' title='bbox 854 4137 883 4188; x_wconf 86' lang='lat' dir='ltr'><strong>in</strong></span> <span class='ocrx_word' id='word_1_451' title='bbox 900 4149 959 4188; x_wconf 78' lang='lat' dir='ltr'><strong>euni</strong></span> <span class='ocrx_word' id='word_1_452' title='bbox 980 4135 1134 4203; x_wconf 72' lang='lat' dir='ltr'><strong>Agrippina,</strong></span> <span class='ocrx_word' id='word_1_453' title='bbox 1151 4147 1237 4202; x_wconf 80' lang='lat' dir='ltr'><strong>neque</strong></span> <span class='ocrx_word' id='word_1_454' title='bbox 1341 4167 1348 4174; x_wconf 92' lang='lat'>-</span> 
     </span>
    </p>
   </div>
   <div class='ocr_carea' id='block_1_9' title="bbox 0 0 1472 4734">
    <p class='ocr_par' dir='ltr' id='par_1_15' title="bbox 0 0 1472 4734">
     <span class='ocr_line' id='line_1_50' title="bbox 0 0 1472 4734; baseline 0 0"><span class='ocrx_word' id='word_1_455' title='bbox 0 0 1472 4734; x_wconf 95' lang='lat' dir='ltr'><strong> </strong></span> 
     </span>
    </p>
   </div>
  </div>
 </body>
</html>
