2917 4734
124 308 262 376 acne]
461 303 667 356 aunanruu
691 303 768 356 ura.
792 305 880 357 xrrr.
1141 285 1230 362 lton

125 448 252 528 lendit,t
266 450 483 536 amajoribus
503 450 688 514 institutum
712 449 870 528 referens,
887 453 898 487 ‘
913 447 1107 516 subtrahere
1128 451 1237 517 oonlie

125 553 250 626 acerba
263 552 406 627 turnare,u
419 566 526 633 neque
539 549 806 628 laudationibus,
832 557 891 616 aut
915 571 1042 637 pompa
1067 551 1237 618 detineret*

124 745 187 795 cepa,
198 744 337 791 mm,
357 728 384 778 id
402 729 526 792 placitum
538 729 661 795 antiquie,
673 729 777 782 auferre
789 747 803 780 e
814 691 956 794 conspectu
968 733 1118 783 immaturae
1130 691 1238 798 exequi·

127 791 165 856 aa,
180 809 267 859 neque
281 807 323 844 era
340 793 509 857 orationibus,
528 801 574 842 tut
592 796 671 858 longo
689 803 781 858 paratu
800 795 907 846 funebri
926 795 1041 850 differre.
1073 797 1197 847 Ceterum
1209 799 1238 846 et

624 960 734 1012 NOTAE

158 1061 166 1095 ¹
181 1061 311 1128 Defendit]
326 1063 358 1113 ld
368 1070 417 1126 eet,
434 1065 563 1129 pnrgerlt,
573 1063 661 1128 diluit,
701 1071 821 1117 metunt:
839 1074 867 1118 et
878 1065 951 1130 quari
962 1063 1048 1116 denuo
1059 1063 1133 1127 pueri
1146 1059 1195 1126 illl,
1205 1057 1238 1111 ad

127 1140 271 1188 excusavit.
304 1139 347 1188 Sic
365 1139 487 1188 'liberior
510 1139 579 1203 apud
598 1141 659 1189 Tac.
700 1155 778 1191 cereos
794 1139 928 1208 efferendi,
946 1143 989 1208 qui
1007 1141 1070 1192 talie
1081 1142 1169 1192 iruane
1187 1140 1239 1192 dir·

126 1221 168 1263 tn.
180 1215 221 1262 12.
232 1213 307 1262 malin
324 1213 422 1264 artibus
438 1215 659 1280 innexur,quibas
700 1227 809 1281 ponunt.

126 1289 207 1359 periit
223 1289 403 1351 Germanicus,
422 1289 506 1339 nimiis
527 1295 661 1339 accurato·
734 1295 777 1343 Sic
799 1294 882 1344 aansit
903 1291 1045 1357 sapientior
1066 1291 1106 1342 bia
1128 1289 1237 1355 Seneca,

128 1375 185 1412 rum
208 1363 300 1412 studiis
320 1379 349 1413 ae
367 1379 522 1415 succensere
541 1367 660 1416 dicebat:
703 1371 747 1432 qrri
760 1371 816 1433 ipre
831 1377 859 1420 et
876 1367 1100 1420 tentamenlofieri
1112 1367 1160 1417 eibi
1178 1379 1238 1430 pro·

126 1441 135 1468 ⁴
147 1440 210 1492 Quo
221 1441 363 1504 pertinuit,'
373 1442 469 1508 inquit,
479 1443 487 1473 ⁴
498 1443 597 1492 nudare
607 1454 664 1492 cor·
702 1445 787 1494 hibuit
797 1445 947 1509 splendidae
958 1444 1091 1510 exequiae,
1108 1448 1176 1493 teate
1186 1441 1238 1492 Ta·

127 1528 174 1577 pua
196 1521 225 1562 et
251 1517 468 1565 contrectandum
484 1518 555 1581 vulgi
583 1519 664 1583 oculis
703 1523 765 1572 cito.

127 1591 292 1654 permittere,
302 1591 453 1656 differrique
464 1593 542 1641 etiam
554 1607 602 1656 per
619 1609 662 1642 ex·
736 1595 822 1661 Igitur
838 1599 871 1647 ud
889 1611 978 1648 cereos
997 1601 1025 1646 et
1045 1595 1138 1662 exiguo
1157 1607 1238 1662 appa·

127 1673 224 1730 ternos,
245 1674 368 1732 tunquam
380 1680 480 1718 veneno
501 1669 662 1733 interceptus
702 1680 762 1722 ratu
774 1673 938 1723 ducebantur
953 1671 1044 1722 funera
1062 1671 1199 1721 immatura
1210 1675 1239 1720 et

127 1747 205 1804 etaet,
222 1742 245 1790 ai
262 1743 366 1792 incerta
383 1744 466 1793 adbuc
482 1743 532 1793 luta
548 1753 576 1794 et
591 1760 661 1796 acru-
701 1749 806 1814 acerba,
825 1750 901 1814 quale
920 1747 969 1799 fuit
986 1747 1063 1798 sunus
1082 1745 1238 1798 Britannici.

126 1817 309 1867 landawntl’
703 1827 809 1876 Sueten.
844 1827 947 1877 ‘Quem
965 1829 1070 1888 postero
1089 1819 1130 1872 die
1143 1821 1239 1886 raptim

158 1902 170 1926 ¹
186 1895 333 1945 Santram
358 1895 431 1946 aeto
456 1895 540 1947 acerba
561 1895 663 1958 sanna]
703 1899 909 1949 intermaximur
923 1898 1018 1947 imbres
1031 1894 1239 1948 traaalatitiotu·

126 1970 200 2020 Note
210 1971 296 2022 ritum
329 1972 434 2022 Acerba
450 1975 558 2023 enimet
574 1973 662 2022 imma·
703 1989 766 2023 nere
776 1971 894 2023 extulitr'
913 1971 1080 2033 translatitio,
1090 1970 1116 2019 id
1125 1976 1175 2032 eat,
1185 1967 1240 2018 vul·

126 2052 188 2096 tara
197 2045 299 2110 lunera,
309 2062 368 2110 qna
379 2049 449 2100 intra
460 2048 575 2100 tirocinii
584 2048 662 2110 diem,
703 2051 769 2112 gari,
776 2049 834 2110 vili,
847 2057 873 2098 at
883 2063 942 2098 vero
952 2054 1054 2096 matura
1061 2043 1153 2096 funera
1161 2045 1239 2109 longo

126 2135 225 2185 pompa
245 2121 348 2172 funebri
371 2133 416 2174 ant
439 2123 588 2174 laudatione
609 2137 662 2173 non
702 2121 1240 2178 etimmenaoordineiaciumaefunalium

127 2195 245 2260 dignata.
272 2199 340 2247 Vide
354 2215 396 2248 are
414 2200 446 2250 ad
468 2202 603 2263 Senecam,
619 2202 663 2250 De
702 2202 845 2266 celebrata,
864 2210 892 2252 ot
909 2204 985 2266 longe
1002 2200 1095 2264 majori
1110 2203 1240 2266 apparatu
1271 2221 1275 2226 ·

127 2271 260 2321 brevitate
271 2273 343 2335 vita,
353 2289 411 2337 cap.
423 2275 470 2323 ult.
506 2275 612 2337 [ἐμίν.
702 2292 850 2343 pompaque
863 2292 937 2327 aenea
950 2277 1023 2324 elati.

157 2347 253 2396 Acerba
255 2347 356 2413 sunau]
373 2349 405 2398 ld
413 2349 552 2398 discrimen
561 2353 664 2413 ponunt
735 2353 829 2402 Acerba
840 2351 941 2413 funerd
965 2347 1070 2398 Acerina
1087 2355 1183 2398 morter
1195 2363 1240 2398 vo·

127 2421 320 2483 interiorem
338 2426 406 2488 qnod
425 2427 543 2490 exequiae
561 2427 662 2477 adulto·
703 2422 1238 2490 cant,intempeativaetpromunturium,

128 2516 184 2551 rum
203 2503 400 2554 celebrarentur
418 2505 535 2554 crudelia
554 2511 582 2554 et
601 2503 663 2555 fael-
704 2511 732 2554 ct
743 2503 885 2568 praecipue,
904 2516 961 2566 qua
978 2499 1161 2563 contingerent
1178 2507 1239 2548 ente

127 2575 185 2639 bur,
195 2584 225 2627 at
236 2592 375 2640 puerorum
388 2579 484 2628 acerba
502 2577 604 2642 funera,
621 2593 662 2628 ce·
703 2580 803 2628 virilem
815 2583 931 2639 atatem,
950 2589 995 2624 eeu
1008 2583 1068 2624 ante
1080 2581 1199 2640 quartum
1211 2579 1240 2624 et

128 2652 189 2702 reia.
220 2651 265 2701 Sic
282 2653 414 2715 colligitur
429 2666 463 2702 ex
473 2653 574 2703 Seneca
584 2654 662 2718 epist.
704 2654 935 2704 decimumnonum
945 2652 1240 2716 completum,quaenon

129 2731 186 2776 m.
218 2727 287 2776 ‘lati
309 2727 371 2776 mibi
391 2741 455 2777 vero
480 2727 663 2779 defunctorum
703 2731 892 2782 subtrahebant
911 2729 1003 2790 oculis,
1022 2728 1147 2795 quicquid
1168 2727 1241 2778 dicut

129 2800 266 2851 locorum.
301 2803 461 2853 Quantulum
470 2805 537 2853 enirn
548 2804 664 2855 [sunere
705 2807 787 2858 Nero.
821 2805 878 2858 Nial
895 2803 964 2855 sorte
981 2805 1123 2868 intelligat,
1140 2798 1242 2854 nonel‘·

130 2876 235 2940 abtum,
246 2885 275 2927 ct
286 2880 390 2943 quidem
402 2881 507 2944 acerbo,
519 2881 563 2946 qni
574 2882 606 2932 ad
625 2879 664 2930 fa·
704 2881 768 2932 ferri
777 2883 894 2946 juniores
905 2881 967 2932 istos
979 2896 1011 2931 ea
1020 2895 1125 2944 pompa,
1135 2895 1187 2946 qua
1196 2893 1240 2928 na-

130 2954 438 3006 ceretcereoariruntl'
704 2967 733 3009 tu
752 2959 873 3023 majores.
906 2957 1068 3008 ‘Hominem
1090 2957 1240 3022 priusquam

162 3029 238 3078 ldem
249 3030 497 3096 de'l'ranq.ritrerr.
521 3032 664 3086 ‘'l'otieain
705 3035 1128 3101 genitodente'noneremabant.
1162 3035 1237 3084 Plin.'

129 3103 228 3154 vicinia
242 3121 301 3155 mea
313 3108 501 3158 concinnatum
519 3116 570 3171 ert,
587 3111 665 3160 totiea
738 3114 824 3177 igitur
831 3112 1018 3162 subtrahebant
1027 3113 1108 3160 oculis
1115 3125 1146 3161 eo
1155 3125 1240 3174 renuo,

129 3189 229 3244 prater
240 3181 317 3230 limen
330 3183 478 3233 immaturae
488 3186 609 3252 exequiae
620 3186 666 3235 fax
706 3188 775 3253 quod
784 3202 835 3236 nou
843 3203 887 3236 eoa
897 3185 1018 3235 efferrent
1028 3185 1127 3248 ingenti
1135 3201 1240 3250 pompa,

131 3270 274 3321 arenaque
285 3260 439 3322 praecanit!
705 3275 789 3326 neque
806 3277 854 3326 pro
870 3259 971 3310 Rostris
990 3261 1076 3327 palam
1092 3259 1240 3310 laudarent.

161 3332 198 3382 Et
208 3347 268 3395 cap.
286 3335 333 3382 ult.
352 3335 394 3384 Ad
413 3334 563 3386 Paulinum:
581 3337 666 3390 ‘uun
706 3336 801 3401 Neque
812 3343 879 3398 erat,
892 3349 938 3386 cur
949 3349 994 3384 eoa
1010 3335 1098 3385 atatim
1110 3333 1242 3384 subtrabe-

130 3407 188 3456 dcur
199 3421 264 3456 vero
275 3408 416 3471 diaponnnt
436 3411 516 3460 etiam
535 3412 591 3474 illa,
606 3427 665 3477 quac
706 3420 766 3463 rent
774 3412 855 3463 oculla
866 3413 970 3474 clvium,
982 3411 1032 3461 nisi
1040 3426 1097 3462 com
1109 3411 1183 3462 dolor
1195 3413 1242 3463 ant

129 3483 285 3534 ultraritam
295 3491 365 3547 aunt,
373 3487 453 3536 moles
464 3502 569 3552 magnac
580 3489 665 3553 aepul-
705 3491 789 3540 acelut
799 3477 930 3540 rubenaet:
950 3487 1018 3554 quod
1030 3501 1098 3538 nune
1109 3488 1229 3554 condglt.

129 3573 245 3622 crorum,
256 3567 284 3608 et
296 3575 402 3624 operum
420 3562 581 3625 publicorum
592 3564 665 3613 dedi·
737 3575 750 3600 ¹
767 3567 849 3630 Neque
859 3565 1043 3628 martimum,
1055 3571 1096 3615 unt
1104 3579 1191 3629 pompa
1200 3566 1243 3615 de·

131 3636 258 3698 cationes,
266 3644 295 3687 et
303 3637 335 3685 ad
346 3651 435 3701 rogum
447 3653 564 3702 munera,
575 3647 603 3688 et
614 3655 666 3690 am·
704 3641 792 3704 lium]
815 3641 845 3691 ln
857 3641 946 3690 codice
957 3639 1073 3690 Budenal
1090 3639 1184 3704 legitur
1195 3641 1240 3688 ad·

130 3711 237 3761 bidom
249 3713 383 3778 exequiae.
417 3713 455 3764 Ar
465 3715 623 3778 mehercule,
633 3717 666 3766 ia·
706 3720 798 3781 ditum,
808 3732 888 3780 precer
899 3715 1031 3781 &irriderer
1049 3729 1126 3778 quarn
1138 3715 1239 3766 elautu-

131 3794 217 3836 torum
226 3786 327 3851 funera,
339 3795 463 3853 tanquam
474 3793 583 3840 nimium
595 3793 666 3842 vine·
706 3795 757 3844 lam
769 3793 862 3857 opinor
873 3792 909 3842 aie
920 3789 1116 3853 emendandam,
1132 3794 1162 3839 ut
1177 3803 1239 3852 proe·

131 3863 195 3925 rint,
211 3864 245 3913 ad
266 3863 339 3914 iaces
357 3871 386 3914 et
405 3881 495 3916 uereor
512 3867 667 3919 deducenda
706 3887 760 3936 cepe
777 3870 897 3936 effirndere
917 3869 1043 3932 legamus,
1061 3865 1239 3917 subaudiendo

131 3938 211 3990 ⁸⁰⁰¹!
699 3941 1167 4010 fanuemupilu‚eutloculo,quod
1177 3941 1239 3990 alio-¹

163 4016 208 4066 lbi
218 4015 299 4066 mibi
307 4017 363 4067 '¹¹¹1
373 4017 486 4082 11111111,
501 4021 668 4083 muni·
707 4026 753 4090 qui
772 4037 823 4076 non
845 4024 902 4074 eine
922 4019 1074 4072 carimonlia
1094 4017 1190 4082 deponi
1210 4019 1241 4068 iu

130 4091 668 4156 mdmumedrententiaeforternf-
707 4099 920 4167 rogumaulebat.
954 4097 1091 4146 leuam

134 4165 423 4234 bdtfflndmiatr
439 4171 668 4240 nemideorepae·
740 4167 1239 4239 Potiaaineptunrgloaaemeaitnnpui
