2917 4734
145 313 281 379 acor]
484 306 691 357 auusnrurr
715 308 790 359 urs.
813 307 903 360 xnr.
1018 300 1024 318 ⁸
1163 261 1252 362 152‘5

145 453 193 518 ris
207 448 385 538 cuperent,¹
397 450 452 516 rel
469 469 583 534 poenae
603 450 807 534 irrogarent!
846 449 933 518 'nituJ
956 452 1135 519 Helvidius
1156 453 1254 521 Pris-

146 575 220 633 cus,
234 554 404 619 Tribunus
414 553 534 638 plebis,
549 552 710 618 aduersus
725 551 971 620 Obultronium⁵
985 555 1156 634 Sabinum,
1165 576 1251 623 aera·

145 657 187 720 rii
209 655 432 735 Quaestum,
450 655 678 720 contentiones
698 651 871 739 proprius¹¹
892 657 1052 736 exercuit,
1067 660 1078 691 ‘
1093 661 1251 741 tanquam

145 869 216 921 noris
233 877 373 932 sumerent,
404 871 446 921 rel
466 885 550 936 prenae
571 870 740 935 imperarent.
783 871 841 921 ideo
863 869 990 920 Heluidius
1013 869 1119 928 Ρτίισυι,
1138 868 1248 918 tribum

140 933 226 997 piebis,
241 935 452 998 propitiatorio
466 936 594 997 routndu,
612 936 724 985 mom
736 935 902 984 Obultronium
911 933 1033 999 Sabinum
1042 939 1180 997 mentorem
1190 947 1252 982 oeru·

143 998 186 1064 rii,
196 1001 270 1064 quasi
286 998 419 1049 licentiam
431 1000 575 1050 sectionum
586 1000 711 1050 atrociter
718 999 869 1050 intenderet
878 999 1001 1050 adversus
1013 1012 1150 1063 pauperes.
1184 998 1252 1047 ΕΜ

607 1131 787 1164 damtune

176 1245 193 1289 4
208 1239 237 1291 J.
250 1239 280 1289 Ρ.
293 1239 440 1289 Gronovius
451 1254 500 1303 pro
511 1255 537 1289 eo
548 1240 614 1304 legit
624 1243 704 1289 ‹rt-u
722 1239 766 1288 Sic
772 1240 836 1291 bias.
849 1240 919 1290 Fior.
930 1245 959 1290 et
969 1238 1036 1289 Bud.
1048 1238 1080 1288 Iu
1091 1237 1156 1288 Mra.
1170 1236 1246 1288 Harl.

141 1302 283 1355 neutro.
295 1303 458 1354 mierum
467 1305 519 1354 Mu.
529 1305 595 1368 Reg.
606 1310 635 1352 et
645 1302 773 1353 editioues
790 1311 903 1366 veteres,
916 1303 1081 1353 Obstrorriuar.
1092 1302 1124 1352 In
1135 1301 1253 1365 inscrip-

143 1367 257 1418 tiouibus
265 1368 396 1418 veteribus
408 1375 575 1432 memoratur,
587 1367 742 1417 utrumuis·
753 1369 887 1433 Eurorprrr.
905 1369 1020 1418 Brotier.

568 1546 574 1556 ,
641 1493 749 1544 NOTAE

139 1606 206 1656 pore
222 1607 312 1644 meare
330 1593 558 1658 tribunusplebis,
576 1593 609 1643 de
621 1592 678 1658 qui·
717 1599 745 1642 et
757 1591 939 1656 praescriptum
958 1595 1028 1642 esset
1044 1589 1115 1654 ipsis,
1126 1595 1251 1654 quantum

139 1668 250 1735 buriam
262 1671 362 1722 dictum
379 1678 429 1734 est,
446 1672 580 1736 petierunt
596 1672 676 1721 etiam
716 1669 821 1718 mulctae
839 1669 994 1732 irrogarent,
1006 1672 1035 1716 et
1046 1672 1075 1716 nt
1085 1664 1153 1716 haud
1170 1662 1251 1715 dubie

138 1746 217 1796 sibie
233 1755 327 1798 senatu
344 1746 473 1811 permitti,
490 1754 521 1797 ut
537 1745 677 1810 quotannis
716 1743 801 1794 miuus
817 1745 949 1806 sevirent,
966 1743 1027 1792 irinc
1045 1741 1124 1793 sumit
1136 1740 1251 1792 occasio·

139 1823 205 1874 duos
222 1837 238 1872 e
256 1824 332 1887 plebe
349 1829 479 1886 crearent,
499 1821 676 1872 subministre-
716 1833 775 1867 uem
794 1817 932 1868 Helvidius
948 1816 1089 1866 exercendi
1107 1817 1252 1866 contentio·

138 1904 213 1948 turos
234 1898 355 1961 tribunis,
373 1898 496 1964 quicquid
512 1911 577 1961 opus
595 1902 676 1960 osset,
716 1907 763 1942 nes
783 1892 904 1958 proprias
922 1891 1047 1943 adversus
1067 1891 1251 1942 Obultronium

138 1982 168 2024 ct
188 1975 249 2023 lites
269 1975 405 2024 nonnullas
432 1987 521 2022 eorum
551 1971 677 2036 dijudica·
716 1975 883 2034 quaestorem,
902 1973 932 2018 ut
949 1969 1029 2018 etiem
1049 1967 1171 2018 coircere
1192 1981 1250 2031 pos·

136 2053 219 2113 uaros,
251 2049 397 2114 ediumque
435 2063 576 2112 sacrarum,
606 2048 676 2099 loco·
715 2051 759 2094 aet
786 2043 953 2096 atrocitatem
984 2050 1012 2097 et
1033 2043 1158 2096 sevitiam
1180 2043 1250 2094 iilius

136 2138 193 2176 ruur
216 2125 389 2190 publicorum,
409 2132 488 2190 etque
505 2139 614 2174 euuouae
632 2138 675 2174 cu·
714 2122 808 2171 bastae.

136 2215 194 2252 ram
214 2200 360 2252 babituros.
404 2201 464 2254 Quo
488 2214 536 2264 per
556 2206 675 2250 senatum
748 2196 870 2248 Officium
882 2198 1005 2262 questoria
1017 2194 1250 2248 suitvenderebo·

136 2292 269 2343 concesso,
290 2292 335 2328 eos
355 2282 519 2338 creaverunt,
535 2289 600 2340 quos
618 2280 673 2324 turn
712 2287 748 2322 ua
765 2274 905 2338 publicata,
917 2282 945 2324 et
955 2289 988 2324 ex
998 2274 1029 2324 iis
1045 2273 1183 2338 pecuniam
1194 2271 1250 2336 inc,-

136 2353 268 2404 ministros
278 2360 307 2403 et
317 2353 401 2403 socios
413 2351 575 2402 tribunorum
587 2365 618 2401 se
628 2351 673 2415 ju·
713 2348 806 2397 tamin
818 2349 935 2398 aerarium
956 2349 1082 2413 redigere,
1095 2355 1123 2398 et
1135 2347 1181 2397 ilia
1191 2347 1248 2410 pig·

136 2427 406 2492 uicereppeuabenc'
711 2439 776 2473 nora
805 2425 976 2490 mulctasque,
1006 2439 1069 2488 quas
1099 2423 1249 2473 sanxissent

167 2503 176 2536 ¹
189 2505 302 2567 Pigsorir
313 2503 436 2568 cuperent]
445 2502 553 2553 Sueten.
565 2502 619 2554 Jul.
632 2505 671 2552 1⁷.
712 2501 801 2563 aditor,
809 2499 930 2564 exigere:
949 2497 1074 2563 quoduun
1084 2497 1248 2562 potuitaaepe

135 2580 277 2630 ‘Vectium
285 2581 436 2644 pignoribus
445 2581 537 2643 captia,
547 2585 575 2628 et
586 2578 672 2642 direp·
711 2574 779 2635 ficri,
790 2575 851 2640 quin
869 2574 994 2625 venderet
1012 2575 1079 2626 bona
1097 2581 1143 2624 nut
1161 2575 1248 2638 supel-

139 2663 168 2706 ta
195 2656 371 2720 supellectile,
404 2655 472 2704 maie
499 2653 672 2716 mulctatum,’
711 2637 1053 2715 leciiiiadamnntorum,et
1069 2657 1123 2702 turn
1132 2651 1176 2720 jus
1191 2649 1248 2704 haa-

137 2735 190 2782 dm.
206 2731 261 2794 Ita,
279 2732 370 2797 siquis
389 2731 489 2782 consuli
506 2737 553 2780 aut
566 2729 674 2795 praetori
713 2732 748 2776 toe
760 2726 940 2777 inclementius
951 2733 1066 2792 quaestor
1078 2725 1247 2791 augebatad-

137 2821 190 2858 nou
202 2807 405 2872 obtemperaret,
412 2807 519 2858 lictores
536 2805 674 2856 mitteban-
711 2817 803 2854 versus
822 2803 923 2868 inopes,
943 2801 1012 2868 quod
1031 2802 1154 2854 coiircere
1173 2817 1248 2854 occa·

132 2889 189 2947 tur,
205 2883 250 2950 qui
266 2884 362 2948 pignus
379 2884 526 2948 exigerent,
537 2882 579 2932 rcl
591 2882 671 2932 etiam
711 2878 784 2929 alone
804 2877 868 2948 data
885 2877 1022 2928 Helvidius
1038 2878 1154 2942 Priscus,
1171 2877 1247 2928 etsie

131 2957 214 3010 fabris
225 2959 359 3022 adhibitis,
369 2957 440 3008 fores
450 2957 634 3024 effringerent,
643 2963 672 3009 et
711 2953 781 3005 bono
791 2954 895 3020 publico
904 2956 1048 3019 consulere,
1058 2955 1148 3006 voluit.

129 3036 322 3101 superlectilem
333 3035 488 3100 diriperent.
743 3030 756 3067 ¹¹
774 3033 1071 3098 Cortudioocapropriur]
1093 3031 1246 3083 Contentio-

163 3111 209 3162 Sic
220 3117 249 3162 ct
261 3111 361 3174 ediles,
372 3112 394 3161 si
405 3111 468 3176 qnid
481 3117 618 3174 peccatum
629 3109 669 3160 fo·
710 3123 758 3158 nes
770 3109 819 3158 illue
828 3111 942 3174 propriu,
951 3111 992 3158 rel
1002 3109 1147 3158 tribunatus
1158 3109 1245 3170 iliius3

132 3193 174 3236 ret
183 3187 212 3235 in
222 3185 262 3248 iia,
273 3201 332 3251 quoe
343 3185 377 3235 ad
387 3187 489 3235 iliorum
498 3188 597 3234 ’munus
609 3200 669 3251 per·
711 3185 869 3235 uomdebuit
879 3183 1089 3248 tribunusplebis
1100 3196 1147 3247 pro
1157 3191 1245 3248 potesr

131 3261 257 3323 tinerent,
280 3261 384 3323 domno,
399 3276 447 3310 seu
468 3261 576 3325 pignore
598 3259 669 3311 coir·
710 3269 767 3313 tate
784 3278 831 3312 sus
846 3263 899 3312 vim
914 3261 1051 3327 probibere
1064 3276 1079 3311 e
1091 3260 1190 3310 civibus
1208 3259 1246 3310 in·

130 3351 193 3387 cere
215 3342 367 3400 potuerunt.
404 3336 447 3387 Sic
467 3345 495 3386 et
517 3337 668 3400 pignoribus
709 3335 811 3396 validis,
826 3341 855 3387 et
873 3335 918 3401 qul
935 3336 1143 3400 opprimerentur
1154 3335 1186 3386 ab
1197 3335 1244 3388 im·

130 3412 252 3464 mulctati
271 3420 370 3478 patres,
380 3413 426 3477 qui
444 3411 597 3464 incenatum
614 3427 667 3463 uon
710 3413 799 3478 probis
810 3418 838 3462 et
849 3411 1049 3477 potentioribus.

130 3490 267 3540 venirent.
741 3487 822 3537 Forte
831 3487 931 3553 propriu
950 3487 1028 3537 etiem
1045 3487 1126 3552 ipsius
1136 3486 1243 3552 ingenii.

161 3565 225 3616 Nou
234 3564 321 3626 rideo,
330 3563 373 3628 qui
386 3559 511 3612 different
525 3561 568 3612 bic
577 3563 669 3627 pigras
707 3561 757 3612 lile
769 3563 867 3628 quippe
880 3569 959 3611 teuax
972 3561 1039 3612 recti
1050 3569 1078 3612 ct
1087 3562 1244 3614 libertatira

129 3647 156 3690 et
174 3641 271 3691 meleto
305 3638 364 3689 Nisi
382 3636 452 3703 quod
473 3638 603 3701 absentes,
621 3643 668 3689 aut
708 3646 810 3700 nutura,
831 3637 922 3703 etqui
943 3637 1088 3688 istiusmodi
1110 3642 1243 3687 sectorum

128 3717 284 3766 omittentes
302 3713 445 3780 quidpiam,
463 3713 550 3763 statim
567 3714 668 3778 pigriora
708 3713 902 3778 improbitatem
929 3720 956 3763 et
976 3713 1061 3763 secius
1081 3724 1241 3779 magnopere

127 3799 209 3859 capto
231 3789 395 3851 coercerent,
417 3791 474 3838 siue
499 3789 547 3838 lite
569 3804 667 3854 preecc-
707 3796 880 3840 aversaretur.

127 3857 223 3928 deute3
248 3867 338 3915 sraietn
353 3879 416 3916 reru
435 3864 596 3914 indiceretur
608 3871 668 3928 post
740 3866 850 3931 Propria
862 3872 945 3916 tautae
957 3864 1061 3916 virtutis
1071 3864 1123 3914 ine
1134 3872 1241 3914 conten·

125 3943 201 3993 litem
214 3941 377 4007 Judicatem;
407 3947 435 3992 et
452 3942 543 4005 pigner
562 3941 666 3992 restitui
707 3943 800 4007 tiones,
811 3944 909 4009 quippe
921 3943 1015 3994 bonum
1024 3942 1157 4008 publicum
1169 3941 1241 3991 Pris-

125 4032 187 4068 mux
199 4017 357 4083 potuit,non
370 4029 432 4066 vero
444 4017 541 4066 mictu.
706 4034 760 4084 cus,
778 4027 806 4069 ut
825 4033 908 4082 snum,
924 4026 952 4068 ut
969 4020 1092 4084 propriam
1108 4017 1241 4082 specterit

136 4095 141 4104 '
160 4091 234 4158 120]
246 4093 346 4156 ldest,
363 4107 422 4143 cunr
441 4094 664 4144 senatusconsulto
705 4107 828 4160 semper;
851 4094 936 4143 donec
955 4093 1060 4144 tandem
1082 4106 1129 4159 pro
1146 4091 1241 4157 repub·

123 4177 262 4222 coarctata
281 4168 376 4220 inuret
395 4167 523 4219 AEdilium'
534 4175 662 4236 potestus,
702 4170 757 4221 lica
766 4170 822 4235 ipsu
831 4169 929 4220 tuende
941 4170 1020 4220 vitam
1032 4167 1204 4236 impenderet.
