2917 4734
207 273 295 342 liud
570 285 607 338 o.
628 283 809 348 couniunt
834 281 962 336 unorut
1146 289 1312 358 [susus.

208 431 421 496 Caubrriones
435 431 574 496 comiter
585 431 760 513 excipere:
781 430 917 495 uomina
926 435 961 494 et
968 429 1108 494 virtutes
1119 427 1311 508 nobilium:

206 535 266 616 qui
278 534 380 598 otiam
393 538 465 596 tum
477 527 693 614 supererunt,f
702 535 867 596 inhonore
881 531 1000 596 babere
1011 551 1020 609 ;
1031 533 1131 613 quasi
1146 538 1314 614 quaereret

206 631 368 699 duoemot
381 635 506 715 partes.
547 630 726 713 Cognitum
749 633 785 696 id
801 633 939 711 Neroni,
955 637 965 664 ‘
981 633 1209 716 excubiasque
1222 633 1314 696 mili-

207 733 317 813 tures:
331 732 419 818 quae,
430 741 469 798 ut
492 733 628 817 conjugi
652 734 865 816 Imperatoris
885 735 1059 810 olim,tum
1080 741 1114 800 et
1134 739 1187 800 ut*
1200 735 1317 800 matri⁸

207 917 306 966 tutelast
316 916 454 965 Μινύαι
461 917 633 972 commodem
643 931 702 978 erga
712 917 825 978 tribunos,
832 921 856 964 el
866 915 1013 966 ceslsrienes
1023 915 1121 964 uniter
1133 931 1158 964 se
1167 930 1265 976 gesem
1275 931 1317 966 ss-

208 981 255 1030 lere
265 986 335 1043 stpse
343 981 464 1029 obscum
471 980 581 1029 mcubslu
591 985 616 1029 el
627 980 698 1030 bosus
707 987 772 1030 ortes
778 995 908 1044 procerum,
919 980 960 1042 psl
978 984 1029 1028 tens
1040 979 1164 1042 temporis
1173 980 1316 1043 sapentites

207 1050 292 1104 eraut,
303 1045 371 1108 puori
387 1046 468 1094 decess
479 1049 503 1092 et
516 1049 598 1107 portes
615 1051 721 1108 poruret.
756 1045 786 1094 ld
806 1045 949 1093 intellecturis
968 1044 1103 1106 Commet
1114 1046 1212 1104 stetim,
1223 1045 1315 1093 bmiue

208 1109 262 1170 ejus
281 1107 423 1157 abscedere
434 1107 507 1167 jubet
518 1107 660 1172 custodias,
669 1123 710 1159 ses
719 1109 842 1170 stationes,
863 1109 981 1168 militum,
989 1107 1031 1170 psi
1042 1107 1187 1156 ambobnst
1199 1107 1249 1170 ipsi
1260 1113 1315 1157 luu-

208 1184 276 1242 'psum
287 1173 358 1222 uxori
366 1172 483 1238 principis
492 1172 558 1237 olist,
568 1177 592 1222 et
603 1177 654 1222 tros
664 1175 790 1238 temporis
800 1179 826 1222 st
843 1171 916 1222 motri
927 1171 1039 1222 Caessris
1055 1171 1228 1236 retinebantur,
1247 1171 1318 1226 Ger·

243 1406 426 1471 llssperotosis
439 1409 544 1472 solitum,
560 1413 584 1458 et
603 1407 685 1469 matri,
702 1407 838 1457 Brotierus
857 1413 885 1456 et
900 1405 1039 1456 Homerus.
1074 1406 1148 1455 Bono
1165 1405 1281 1470 Ryckius
1298 1420 1316 1455 e

211 1470 265 1520 Ms.
281 1471 346 1535 Agr.
363 1473 429 1521 Mss.
444 1472 518 1522 lisrl.
533 1473 674 1524 Bodlles.
689 1478 717 1520 et
736 1471 906 1534 Puteolanus,
919 1471 1047 1520 mlitssuet
1059 1470 1180 1518 dimetri.
1213 1471 1254 1520 Cl.
1266 1471 1317 1518 Er·

211 1543 308 1598 nestus,
326 1537 391 1585 alios
410 1537 473 1585 Μαι.
483 1537 586 1586 codices
603 1542 719 1594 secutus,
733 1534 825 1592 edidit,
835 1536 941 1596 solitum,
960 1539 987 1584 ut
1004 1535 1090 1584 metm:
1106 1533 1174 1597 quod
1193 1533 1319 1596 protecto

208 1597 375 1648 durissimum
384 1608 433 1649 est.
453 1601 563 1650 Brols'er.
597 1599 742 1649 Beroaldus
753 1605 780 1648 et
798 1599 953 1648 Rhenanus:
973 1598 1126 1660 imperatoris
1139 1599 1236 1646 solitum
1253 1603 1277 1646 ct
1288 1602 1318 1646 stt

208 1662 281 1710 mutrs'
290 1676 310 1711 s.
346 1663 422 1712 Quod
440 1664 542 1727 Lipsius
559 1671 636 1727 putat
648 1679 676 1712 se
692 1663 824 1712 verissime
836 1662 988 1711 emendasse
1018 1663 1122 1722 cr,olim
1138 1665 1197 1712 tum.
1230 1661 1316 1726 quue

207 1725 344 1774 itaarrisit
361 1727 534 1787 Picbenae‚ut
553 1727 690 1777 contextui
708 1728 863 1776 inseruerit:
882 1735 969 1775 tamen
990 1678 1017 1774 εἴ
1027 1727 1165 1790 quaerimus
1183 1725 1317 1790 quomodo

208 1789 312 1840 'l'scitus
332 1791 477 1853 scripserit,
493 1793 560 1840 baud
579 1790 723 1840 verisimilis
742 1792 798 1840 hee
817 1791 964 1840 emendatio
984 1797 1069 1853 paret,
1090 1789 1212 1852 quonism
1225 1803 1318 1839 omues

209 1853 274 1903 Mus.
291 1853 328 1903 ilii
350 1854 531 1920 adversentur,
548 1869 689 1921 eorumque
708 1856 839 1920 scriptura
858 1869 910 1904 non
929 1853 1006 1903 modo
1023 1853 1086 1903 nibil
1106 1854 1180 1917 pouit
1196 1853 1317 1916 absurdi,

709 1983 818 2037 NO'I'AE

208 2079 740 2145 quontebsturilgrippiumcusurerers
780 2077 889 2140 Vitellii,
907 2078 1098 2140 Flavianorum,
1118 2083 1147 2127 et
1170 2085 1232 2141 post
1257 2077 1318 2128 base

208 2157 374 2206 confflem
391 2160 517 2222 pecunias
541 2158 570 2205 iu
597 2155 740 2206 subsidium
780 2153 866 2203 omnis
878 2154 1006 2204 soritium
1015 2153 1170 2215 Domitiani,
1180 2167 1226 2204 seu
1242 2155 1319 2206 Calvi

209 2230 274 2280 belli
289 2230 383 2294 civilis,
401 2231 472 2297 quod
490 2232 611 2296 psrsbst,
626 2238 673 2282 sut
694 2247 740 2296 ps·
780 2231 903 2289 Neronis,
914 2230 947 2279 de
958 2243 1010 2294 quo
1021 2232 1200 2280 rereTscitss
1216 2231 1273 2295 ipss
1289 2231 1318 2281 irs

210 2320 268 2356 rsre
288 2309 440 2371 pstsbstsr.
470 2309 516 2358 Sic
533 2308 606 2372 sllbi,
622 2309 740 2372 ‘cupido
782 2305 1099 2369 modestissimam
1116 2307 1318 2370 mortisgrsnds

208 2386 266 2434 suri
300 2386 427 2436 immense
451 2386 587 2436 obmutm
614 2385 740 2447 babebat,
781 2382 900 2434 solatium
921 2382 993 2446 tulit,
1019 2383 1132 2432 erssisse
1154 2391 1318 2445 postremum

208 2462 281 2525 quasi
306 2463 447 2514 subsidium
475 2476 557 2527 reguo
581 2462 740 2528 psrsrctur.'
781 2457 846 2508 illud
867 2466 971 2521 tempus
996 2471 1046 2522 qno
1069 2458 1246 2520 Domitisuus,
1265 2471 1319 2509 uon

208 2539 272 2589 Tse.
291 2539 362 2591 lim,
379 2545 466 2590 rum.
778 2533 835 2595 jaus
844 2534 1319 2598 perintemltssespirsnentsteer·

242 2620 254 2646 ²
268 2613 376 2664 Virtutes
384 2614 509 2678 ubilan]
528 2617 583 2666 Per
592 2614 681 2665 nobiles
690 2615 742 2678 hic,
782 2625 882 2675 porum,
888 2611 933 2660 sed
946 2612 1069 2662 contium
1080 2619 1108 2661 st
1119 2612 1191 2662 velut
1199 2625 1251 2662 uuo
1262 2611 1319 2662 ictu

188 2691 426 2754 ,putmpmcipne
441 2691 572 2755 inteiligit,
587 2692 632 2756 qui
651 2705 686 2740 ex
704 2689 743 2740 fs·
783 2686 1050 2751 Rempubexbsusit.
1082 2689 1143 2738 Nou
1157 2687 1225 2738 vidit
1241 2687 1319 2751 Agri·

207 2764 743 2830 miliscoessruuisuporesseumtisusorti
783 2763 840 2812 cols
856 2763 986 2812 obsessam
996 2763 1094 2813 surium
1104 2771 1133 2814 et
1148 2764 1267 2814 clausura
1277 2779 1319 2814 er·

209 2854 258 2902 per
273 2838 401 2892 immines.
434 2841 468 2890 ld
489 2844 558 2892 euim
579 2845 742 2906 potissimum
783 2839 830 2888 mis
857 2846 986 2902 sonatum,
1008 2846 1036 2889 et
1057 2839 1149 2889 eedem
1167 2845 1259 2903 strsge
1277 2847 1319 2892 tot

209 2927 242 2964 so
264 2919 581 2980 tcmporsspeotsbsmr.
607 2920 690 2971 Quasi
711 2935 744 2970 a
783 2915 956 2964 consularium
977 2915 1074 2975 credes,
1090 2922 1130 2965 tot
1145 2915 1320 2967 nobilissima·

120 2987 124 2994 ’
210 2988 374 3040 solsfsmilia
389 2991 687 3054 dmmssslicisos
700 3007 742 3055 ge-
783 2989 1014 3042 rumloemiusrnm
1027 2989 1251 3054 exuiaetfugss:

209 3064 341 3116 uttsesset
812 3067 907 3131 ltaque
924 3067 997 3116 mess
1015 3072 1076 3128 tum,
1095 3081 1189 3130 nempe
1204 3081 1263 3117 sero
1281 3065 1318 3117 A·

238 3139 369 3191 Attamen
380 3148 409 3192 et
424 3145 681 3207 spectatissimum
695 3144 741 3195 slii
781 3141 909 3206 grippina
922 3149 1077 3204 supereraut
1086 3142 1196 3204 nobiles,
1213 3143 1260 3207 qui
1272 3157 1318 3207 pe·

210 3227 315 3270 retusis
326 3222 461 3271 nobilitate
471 3222 603 3287 insigues:
621 3236 679 3288 quus
695 3238 741 3274 no·
780 3220 849 3268 riers
860 3226 952 3281 postes
963 3219 1012 3267 sub
1024 3219 1129 3286 Nerone
1140 3227 1168 3269 et
1189 3234 1238 3283 per
1249 3220 1319 3270 bells

210 3295 297 3346 bilitas
324 3296 456 3346 sufficeret
480 3298 641 3361 occupandus
663 3299 740 3363 Rsip,
780 3295 875 3352 civilis,
896 3294 958 3344 dein
977 3303 1006 3344 et
1027 3301 1119 3356 postes
1139 3303 1319 3350 consummata

210 3383 269 3419 cusu
286 3373 450 3421 matrimonio
468 3371 623 3437 Agrippinas
634 3381 681 3425 snt
697 3377 742 3440 ju·
781 3371 1047 3437 Reipubclsdessub
1059 3373 1139 3423 Oslvo
1151 3375 1268 3424 Nerone.

209 3445 301 3494 vendis
313 3447 406 3508 creptis
414 3447 504 3509 ipsius.
815 3451 864 3504 Qut
880 3449 1171 3512 mmmm]
1199 3450 1316 3502 Quium

242 3519 253 3554 ¹
262 3521 454 3576 Quietiesstsss
462 3525 613 3588 supererunt]
623 3526 743 3590 Respicit
782 3527 924 3590 perierant,
944 3533 990 3576 aut
1007 3525 1253 3589 proscriptionibus,
1271 3533 1319 3576 sst

210 3596 244 3647 sd
261 3597 389 3647 saevitiam
407 3599 523 3662 priorum
543 3599 742 3664 principum,st
781 3601 858 3651 bellis
877 3601 994 3651 ciuilibus
1022 3602 1065 3650 rel
1090 3601 1191 3651 sevitia
1211 3602 1319 3666 Tiberii,

209 3671 281 3722 forto
301 3672 381 3736 ipsius
397 3673 519 3735 Neronis,
537 3689 589 3738 qus
608 3676 742 3728 civitatem
782 3679 847 3742 Caii,
863 3679 1030 3740 Messalliuoe,
1042 3686 1070 3727 et
1086 3677 1185 3728 malitis
1201 3679 1318 3743 priorum

210 3756 239 3798 et
250 3748 381 3811 ilempub.
392 3749 522 3811 esbsusit,
529 3752 642 3815 optimos
653 3760 681 3802 et
696 3769 742 3804 uo·
782 3755 929 3818 principum
938 3775 945 3816 ς
953 3755 997 3819 qui
1008 3753 1092 3804 adbuc
1102 3756 1319 3819 sspnsrsnl,quis

211 3824 348 3874 bilissimos
358 3838 473 3889 quosque
481 3824 662 3876 interficiendo
672 3844 680 3889 ;
690 3844 742 3892 quo
781 3831 894 3883 noudum
906 3831 994 3893 occisi,
1005 3835 1052 3878 sut
1063 3829 1182 3880 exhausti
1200 3829 1319 3882 immi·

212 3908 329 3964 tenpore
341 3901 433 3960 virtus,
451 3899 582 3962 nobilitss,
593 3900 663 3952 t'sma
674 3920 741 3954 sum·
782 3913 836 3959 tate
849 3907 974 3958 Neronis:
986 3905 1099 3955 uouduur
1107 3905 1176 3954 euim
1185 3907 1320 3958 sarrierst.

211 3987 281 4026 mum
291 3977 388 4026 crimen
400 3975 458 4025 sitit·
813 3992 827 4028 ⁸
845 3984 880 4034 Ut
890 3982 976 4045 muri]
993 3985 1099 4034 sueton.
1110 3981 1174 4031 Ner.
1186 3985 1247 4032 w
1258 3984 1318 4034 bls-
1341 4011 1347 4037 ι

244 4052 326 4102 Forte
335 4059 364 4100 et
372 4051 479 4115 respicit
493 4050 527 4101 sd
538 4066 610 4104 susm
625 4060 742 4124 elstera,
782 4061 848 4111 trebi
859 4059 932 4110 diets
942 4058 1064 4124 sectaque
1077 4071 1124 4109 eus
1133 4059 1317 4124 esqubentssr

215 4138 310 4190 ΜΡ
337 4131 398 4191 post
419 4125 490 4178 belle
511 4127 599 4180 civilis
621 4129 743 4200 0tbouis,
781 4139 907 4204 scsrbius,
925 4145 958 4190 st
980 4138 1168 4204 corriperem,
1187 4137 1313 4196 bectaum
