2917 4734
207 253 310 344 ,taut
574 273 608 323 c.
633 273 814 322 conunnrr
838 273 964 324 rietur
1164 276 1327 342 [gum

222 435 371 499 morum3
392 416 521 482 Seneen
530 416 709 501 preceptis
718 417 918 501 eloquentiae
934 422 969 482 et
983 417 1139 484 comitate
1149 419 1290 486 honeste
1299 427 1323 484 ι’

218 522 375 604 juvantes
389 519 542 594 invicem,
562 537 630 602 quo
650 517 781 583 facilius
793 519 974 584 lubricum*
986 518 1155 603 Principis
1171 525 1320 619 aetutem,

223 621 254 687 si
267 621 424 686 virtutem
437 625 673 703 aspernaretur,
675 627 689 654 ¹
703 619 931 702 voluptatibus
943 621 1111 684 concessis
1124 620 1327 686 retinerent.i

220 811 245 855 st
252 804 491 867 meismes
514 801 604 850 Seneca
613 805 666 850 orte
676 801 822 878 eloquatur
830 801 980 852 diendo
970 817 1061 864 ιιιςιιιιι
1071 803 1222 852 munire
1246 803 1327 866 opitu-

220 867 558 934 murmurantis·
566 837 837 928 ιιϋὸιιιιιιιιιιιιιίιιπι
845 861 1325 936 oetdempriseipispmnisriscepidivi·

717 1013 829 1064 NOTAE

252 1154 265 1180 ¹
283 1144 516 1207 meatuum]
530 1139 752 1195 euenit-ouum
768 1165 779 1184 .
791 1139 877 1200 ιυμένη
887 1139 968 1202 laede
999 1140 1094 1192 Plotin,
1110 1155 1130 1190 1.
1143 1141 1259 1191 Pnnend.
1273 1158 1327 1203 σμι.

221 1225 334 1291 graviter
362 1220 539 1283 reveritusque
559 1217 657 1281 ingenii
675 1217 753 1266 dccet
792 1215 837 1278 ιερὰ
856 1215 915 1278 lor-l
933 1216 1001 1278 iperi
1017 1215 1050 1265 sir
1071 1215 1169 1272 lesem
1185 1218 1229 1266 rori
1247 1216 1327 1280 ipset.

221 1299 305 1349 virum
317 1297 470 1357 militarem
491 1296 567 1344 ittet
578 1294 686 1343 comites
698 1307 754 1342 sun·
794 1291 967 1356 Hieronymus
978 1293 1056 1357 epist.
1067 1293 1100 1342 td
1118 1291 1250 1342 Gaudent.
1268 1295 1277 1322 (
1289 1295 1328 1344 Ut

221 1375 340 1440 vitesque
350 1387 448 1423 morum
464 1371 575 1422 maxime
593 1370 682 1419 decuit
697 1369 754 1419 lite·
794 1368 862 1420 enim
874 1383 942 1433 uque
952 1367 979 1417 in
990 1369 1077 1418 nreoln
1087 1368 1196 1432 digitum
1207 1367 1329 1432 seqnitur

222 1457 306 1500 retum
316 1448 453 1498 hominem.
486 1441 671 1495 Ethumnnitus
683 1445 754 1494 velut
794 1444 997 1510 precedentem,
1012 1445 1050 1494 ite
1066 1452 1130 1494 uetus
1140 1445 1225 1494 mollis
1242 1453 1270 1494 et
1288 1452 1330 1495 te·

221 1524 355 1573 individue
365 1522 492 1585 insituque
502 1522 584 1572 literis
592 1527 620 1572 et
630 1522 754 1586 eluqneu·
793 1533 858 1568 uere
877 1519 904 1568 iu
928 1525 1065 1584 utrumque
1084 1526 1185 1582 purtem
1202 1518 1328 1573 flexibilis

222 1600 276 1650 tie.
793 1601 844 1656 est,
855 1600 882 1643 et
893 1608 1053 1659 quocumque
1063 1595 1168 1644 duxeris
1180 1595 1312 1645 trahitur?

254 1673 373 1723 cruitur
394 1671 501 1734 imme]
532 1672 644 1722 Videtur
670 1673 753 1736 msjor
824 1675 837 1701 ¹
863 1669 893 1719 Si
908 1669 1021 1720 virtutem
1039 1669 1216 1733 sspernurstnr]
1248 1672 1327 1722 Utri

221 1749 362 1800 ructorites
374 1747 453 1797 fuisse
469 1761 549 1811 penes
567 1748 703 1809 Bnrrlrunr,
713 1749 753 1797 its
792 1761 844 1796 nou
856 1753 956 1796 emeret
966 1746 1089 1794 virtutem
1103 1745 1184 1807 Nero,
1193 1747 1287 1796 saltem
1298 1747 1327 1796 in

220 1831 250 1879 ut
276 1837 324 1890 pru
351 1824 498 1883 reverentie
529 1837 576 1874 sus
600 1823 753 1874 institueret
792 1822 858 1872 vitis
868 1820 1018 1886 ilngltinque
1029 1820 1164 1870 libidinum
1175 1836 1228 1871 non
1239 1823 1327 1884 prolu-

219 1900 362 1964 principem
386 1905 415 1948 et
435 1899 577 1949 severitate
602 1913 658 1962 suu,
680 1898 753 1951 bouis
792 1898 907 1960 berctur,
921 1894 966 1947 sed
985 1903 1084 1948 tnntum
1095 1896 1172 1950 licitis
1184 1897 1327 1962 voluptati.

218 1975 352 2038 morium
377 1975 480 2026 sanein
498 1989 561 2023 vero
581 1975 752 2027 comitsteet
792 1973 840 2024 hus
858 1973 1014 2037 indulgeret.
1046 1973 1090 2024 Sic
1107 1972 1176 2024 infre
1192 1975 1328 2033 Tueatur.

218 2051 328 2099 lenitate
347 2063 447 2100 morunt
468 2063 497 2098 se
518 2048 661 2099 insinueret
681 2048 752 2111 prin·
792 2051 833 2100 lt.
850 2049 929 2100 ‘Nec
943 2049 999 2112 jum
1011 2048 1067 2098 sisti
1079 2056 1191 2112 poterut,
1201 2064 1262 2099 cunr
1279 2050 1328 2100 Se·

219 2124 281 2190 cipi,
292 2130 323 2174 et
337 2130 425 2173 tumen
437 2123 542 2175 eosdem
559 2121 669 2174 effectus
688 2124 751 2172 inci·
791 2137 863 2173 necue
883 2138 914 2172 nc
935 2123 1018 2172 Burro
1041 2123 1132 2184 visum,
1154 2139 1188 2174 ne
1211 2131 1326 2192 utreque

220 2205 289 2250 teret
301 2199 362 2262 ipsi,
373 2213 437 2262 quos
449 2198 544 2260 etipse
555 2198 679 2247 Burrhus.
705 2198 752 2248 Sic
790 2198 966 2261 pervinceret,
976 2198 1084 2246 ulterurn
1097 2199 1260 2248 concedere!

218 2282 248 2326 et
275 2273 424 2324 Alexander
450 2273 629 2336 Lysimachum
659 2272 752 2328 halruit
824 2271 980 2324 ffioirmem
993 2273 1171 2335 uspmurctur]
1204 2273 1327 2326 Medium

217 2356 347 2406 rectorem
353 2349 499 2412 juventutis
510 2364 573 2413 sue,
583 2357 610 2399 ct
621 2348 752 2400 Aristote·
791 2345 842 2399 iter
854 2349 937 2400 secuti
948 2347 994 2412 ilii,
1006 2355 1035 2397 ut
1055 2347 1077 2396 si
1095 2362 1186 2412 purum
1198 2350 1327 2406 virtutem

205 2423 279 2490 iem,
296 2442 344 2478 seu
354 2426 540 2476 Callisthenem
553 2435 752 2492 preceptorem,
790 2423 863 2486 sequi
874 2424 966 2485 nollet,
982 2423 1072 2494 sellem
1092 2436 1223 2472 concessu:
1237 2424 1328 2488 volup·

218 2505 264 2568 qui
273 2504 346 2557 ilium
357 2503 498 2567 preceptis
508 2503 664 2568 eloquentie
674 2503 751 2554 infor·
792 2499 840 2552 teri
851 2497 1007 2562 indulgeret,
1018 2503 1046 2547 et
1056 2499 1102 2560 sic,
1120 2513 1153 2546 ne
1172 2498 1328 2562 illegitimis,

218 2584 312 2637 maret.
791 2588 825 2626 ue
843 2573 994 2638 perniciosis
1012 2572 1161 2622 libidinibus
1179 2589 1207 2623 se
1231 2575 1328 2637 prusti.

250 2652 375 2703 Nonnulli
391 2653 535 2715 explicent,
553 2654 626 2718 quusi
650 2653 751 2706 Seneca
791 2657 878 2702 lueret
889 2664 920 2698 ec
932 2650 1112 2713 pessumdaret
1126 2651 1239 2714 Juvenis,
1249 2666 1327 2702 cuve-

217 2727 310 2783 leniori
329 2727 441 2790 ingenio,
459 2728 577 2776 Burrtrus
596 2729 704 2778 tristiori
722 2736 751 2778 et
790 2725 862 2776 brut.
902 2723 991 2774 Intra:
1014 2725 1262 2790 ‘sternebantque
1290 2741 1327 2778 ne

217 2802 341 2856 severiori
352 2799 553 2851 nuturnt'uisset.
584 2801 636 2852 Sed
646 2802 673 2854 id
684 2818 751 2868 prue-
789 2799 815 2848 iu
827 2806 918 2862 stupru
927 2799 1089 2852 foerniuerum
1108 2802 1246 2852 illustrium
1265 2817 1327 2866 pto·⁸

216 2881 259 2929 ter
278 2881 394 2927 utentem
411 2874 507 2937 Taciti,
527 2875 571 2940 qui
590 2890 641 2926 noo
660 2891 750 2931 eorum
789 2883 933 2939 rumperet,
944 2877 966 2924 si
983 2877 1029 2925 liin
1049 2877 1155 2927 libidine
1175 2878 1327 2942 prohibere.

215 2949 346 3012 ingenium
364 2954 408 2997 not
427 2956 546 2998 naturum
557 2951 592 2999 ibi
611 2954 751 3014 expressit,
790 2949 850 2998 tur.'
883 2949 924 3004 De
934 2949 1002 3000 Acte
1013 2950 1109 3002 liberta
1118 2953 1241 3015 loquitur

215 3025 263 3074 sed
273 3038 364 3075 eorum
373 3022 468 3087 officis,
478 3039 525 3074 scu
536 3040 612 3076 curas
629 3035 658 3077 et
672 3042 749 3076 occu·
815 3031 826 3065 i
839 3023 1002 3088 Voluptatibus
1009 3041 1122 3076 concauus
1128 3029 1271 3091 retinerent]
1278 3029 1327 3089 Sio

215 3102 346 3169 petiones.
370 3101 473 3156 Interes
484 3109 512 3150 et
523 3103 749 3154 smoentoresertes
789 3097 926 3149 infrsxtv.
939 3103 997 3150 14.(
1009 3101 1085 3150 Nec
1073 3117 1129 3164 Jnm
1143 3103 1328 3170 sistipoternt,

215 3177 317 3226 Seneca
338 3175 436 3237 docuit,
453 3176 520 3229 elter
540 3192 601 3226 vero
620 3193 749 3230 urruorum
789 3169 963 3226 cumSeueeur
974 3190 1005 3226 nc
1016 3177 1133 3227 Burro
1112 3193 1200 3240 vuum,
1210 3195 1243 3230 ne
1254 3187 1328 3232 utrc-

215 3252 299 3318 glorru
307 3250 404 3303 floruit
439 3251 508 3302 ilinc
521 3251 658 3316 disciplina
669 3261 698 3302 et
709 3269 748 3302 se·
788 3269 838 3317 quc
849 3256 1024 3316 pervinceret,
1035 3257 1145 3306 aiterum
1160 3259 1326 3312 concedere-¹

215 3327 314 3376 veritus
324 3327 461 3375 Burrlriex
474 3325 568 3389 officio,
586 3343 636 3376 nou
657 3344 691 3378 ex
709 3329 749 3380 in·
790 3327 825 3376 Et
844 3330 920 3394 paulo
937 3329 1061 3382 inferius:
1087 3333 1231 3387 ‘Ceterum
1250 3335 1327 3384 evul

214 3401 445 3466 geniosutiudule
465 3403 575 3464 precise
592 3403 634 3453 hic
652 3403 749 3486 descri-
789 3411 864 3470 gntus
875 3405 969 3471 pudor,
988 3422 1038 3456 nou
1057 3409 1216 3472 satietatem,
1233 3415 1264 3459 ut
1283 3423 1326 3460 re·

216 3476 297 3538 initur.
745 3481 892 3541 .‚buntur
903 3483 1277 3538 sediucitsmentumattnttr:
1324 3529 1327 3537 ,

248 3551 419 3615 'isidem
450 3550 676 3615 Intelligetlexunr
688 3568 748 3609 eum
821 3557 855 3609 Et
866 3559 919 3608 Dio
930 3559 975 3608 lib.
986 3573 1044 3609 uxr.
1063 3561 1100 3608 sic
1120 3561 1153 3609 de
1176 3562 1277 3612 Burrio
1293 3568 1327 3618 ct

215 3626 312 3690 eratis,
324 3643 374 3691 quo
389 3628 567 3678 adolescentes
578 3631 603 3676 iu
614 3628 748 3681 libidinem
787 3633 903 3686 Seneca:
928 3635 1134 3697 ‘Voluptatibus
1155 3650 1214 3688 euuu
1238 3636 1327 3686 indui.

214 3707 244 3763 et
253 3703 400 3766 voluptates
411 3705 523 3754 menime
535 3705 609 3766 proni
620 3710 748 3768 sunt,quo
788 3723 850 3771 gere
868 3710 998 3772 sinebant,
1024 3717 1054 3760 ut
1081 3725 1140 3760 cunr
1161 3711 1328 3774 explevisset

214 3785 335 3846 ternpore
345 3780 415 3829 vitiis
427 3779 529 3830 lucilius
540 3784 670 3844 corrumpi
690 3795 748 3844 pos·
788 3784 945 3846 cupiditates
955 3801 1012 3834 suns
1032 3786 1088 3834 sine
1105 3799 1198 3849 megno
1209 3787 1329 3850 Reipuh,

214 3863 282 3913 sunt,
293 3861 382 3920 etque
395 3856 524 3910 unverein
535 3865 660 3906 eternum
679 3856 747 3920 sepi·
787 3857 952 3922 detrimento,
959 3860 1092 3910 consilium
1099 3867 1228 3914 mutiret:
1248 3861 1328 3926 quusi

214 3929 340 3986 cntlnsit.
787 3935 928 3998 nescirent,
947 3933 1132 3998 praefrsctus'
1120 3950 1248 4002 Juvenum
1269 3938 1329 3988 tui

245 4003 382 4065 Minoum,
400 4007 440 4067 ξι.
461 4003 567 4066 untes]
599 4004 726 4058 Jutisust
719 4021 749 4062 tn
786 4024 840 4058 mos
842 4011 1037 4076 ,educatusque
1053 4012 1235 4075 tuvoluptute,
1244 4027 1325 4078 qutun

216 4077 284 4134 ces.
294 4079 405 4148 inim
423 4080 459 4146 ἐφ’
470 4078 747 4150 &temperemu-
785 4086 870 4142 uullus
886 4087 1072 4158 reprehendet,
1081 4088 1130 4141 et
1122 4102 1149 4140 tn
1161 4087 1324 4144 shsolntnli
