2917 4734
133 360 269 423 J.c.ss.]
484 352 689 403 auuautuu
714 356 787 403 nro.
812 356 883 407 xtt.
1154 349 1243 417 1259

630 544 741 596 NOTAE

163 691 243 742 Aliud
266 692 345 740 etiarn
368 688 504 753 imparium
527 705 666 754 proconsu-
707 691 817 755 privatis
838 693 964 744 mansdati.
998 696 1127 762 Numqui
1146 699 1184 748 sic
1206 714 1241 750 ex

134 770 185 818 lare
203 767 263 830 snit,
279 766 348 830 qssod
367 774 444 815 extra
462 766 587 829 ordinem,
607 774 666 831 post
707 769 813 831 privatis
835 770 999 831 proconsules
1018 772 1184 835 creabantur,
1194 774 1240 822 tri·
1268 807 1272 815 ι

133 844 243 895 Neronis
254 857 349 902 aarum,
359 844 407 891 sibi
420 842 584 892 vindicarunt
598 846 666 907 priu—
707 846 829 905 umpltare
840 860 888 893 nou
899 850 1243 911 potueruntquumvismul·

132 920 201 984 cipes
220 934 321 979 omnes,
342 919 410 983 qood
430 934 523 981 nempe
542 929 595 969 turn
620 922 664 969 lm·
707 924 746 966 tas
765 929 792 968 et
811 920 980 982 amplissimas
997 924 1118 972 victorias
1140 925 1241 973 retulis-

133 1010 247 1045 mensum
265 1002 294 1044 et
313 1002 468 1058 perpetuum
486 995 552 1055 t'uit;
578 998 616 1045 ita
635 1005 664 1045 ut
704 1004 772 1052 scot,
783 998 842 1058 quia
853 1012 946 1059 nempe
959 999 995 1046 illi
1009 1000 1063 1046 siue
1084 1000 1240 1063 magistratu

134 1072 194 1122 lllad
202 1073 353 1123 obtinerent
361 1072 431 1120 iutra
439 1080 465 1121 et
475 1078 549 1121 extra
557 1072 665 1136 Urbem,
704 1075 732 1117 et
750 1070 803 1119 siue
816 1072 936 1133 auspiciis
949 1074 1144 1136 Rumpublicam
1155 1088 1242 1138 gesse·

134 1150 202 1199 oolla
212 1150 370 1211 exceptione
391 1148 441 1196 loci
460 1155 506 1196 aut
524 1149 663 1211 temporiss
705 1151 771 1205 taut,
782 1147 844 1195 licet
855 1162 913 1195 curu
926 1148 1036 1211 imperio
1048 1149 1222 1213 praei'uisscut.

132 1225 201 1288 qaod
213 1234 242 1273 et
253 1224 372 1285 Angusto
393 1224 443 1287 ipsi
462 1224 596 1273 decretum
608 1232 666 1275 erat
737 1222 781 1269 Sic
792 1223 905 1283 priuatus
916 1224 1002 1273 adhinc
1010 1226 1041 1274 P.
1050 1226 1137 1289 Scipio
1148 1227 1240 1275 missus

134 1309 262 1359 saeoatu,
273 1300 292 1347 ai
306 1300 385 1347 Dioni
398 1298 535 1347 credimus.
708 1296 735 1343 in
751 1296 903 1357 Hispaniam
925 1299 1087 1360 proconsule,
1106 1299 1167 1349 licet
1178 1314 1241 1365 qrsa·

167 1374 262 1438 Itaque
274 1376 294 1422 si
306 1374 408 1438 quaudo
425 1373 527 1435 privato
546 1374 667 1437 cuipiam,
708 1377 765 1419 tuor
776 1373 869 1421 Poenos
882 1373 961 1421 duces
980 1373 1059 1422 bello‘
1068 1372 1243 1439 profligasset,

133 1450 175 1514 qui
186 1462 280 1512 nempe
291 1450 372 1497 nullos
384 1448 489 1498 inUrbe
501 1450 666 1511 magistratus
709 1452 775 1496 teste
800 1448 872 1497 livio
892 1448 908 1497 l.
924 1460 1027 1500 xxvrtt.
1045 1456 1071 1497 et
1090 1449 1240 1513 Plutarcho,

134 1528 262 1589 gessisset,
270 1524 459 1574 administratio
470 1526 608 1587 provincia
622 1534 667 1575 aut
706 1528 822 1569 attamen
835 1524 993 1586 triumphare
1004 1540 1055 1575 noo
1068 1525 1165 1589 potuit.

131 1602 191 1651 belli
203 1602 386 1659 mandabatur,
397 1601 442 1650 ille
462 1608 517 1650 tum
533 1602 667 1651 dicebatur
738 1597 830 1658 ‘Rea‘
851 1597 934 1661 inquit
957 1600 1029 1649 Plut.
1051 1600 1059 1627 ‘
1080 1599 1239 1663 amplissimo

129 1684 285 1743 mmm,
302 1677 344 1726 vet
361 1678 496 1740 procoma
514 1676 611 1727 bellum
623 1692 667 1741 ge.
708 1672 837 1735 triumpho
859 1672 950 1736 dignas
971 1674 1095 1725 censebat
1117 1682 1239 1737 senatus;

131 1768 205 1815 resq
230 1752 357 1815 eiquesic
378 1752 512 1815 imperium
527 1753 666 1816 praetfflum
706 1746 753 1795 sed
763 1748 823 1811 quia
834 1748 929 1795 nemini
941 1749 1024 1797 adhuc
1036 1751 1190 1813 contigerat,
1209 1755 1239 1798 ut

131 1830 169 1879 rel
179 1829 345 1891 prsmmtcre
355 1826 531 1878 deferebatur.
705 1838 763 1873 cum
776 1825 912 1887 proconsul
923 1830 951 1873 et
966 1826 1021 1873 sine
1033 1826 1187 1889 magistratu
1199 1841 1241 1875 ea-

159 1906 204 1955 Sic
217 1904 374 1965 Augustum,
386 1904 429 1967 qui
448 1903 554 1967 privatis
573 1904 664 1967 opibus
704 1907 755 1962 set,
766 1914 813 1962 pro
824 1900 901 1949 rebus
914 1902 995 1965 gestis
1012 1904 1180 1966 triumphanti
1200 1904 1237 1953 itt·

130 1982 278 2031 exercitum
287 1979 401 2041 scripsit,
412 1994 504 2027 aunum
524 1994 603 2041 agens
620 1994 665 2029 uu·
705 1976 763 2024 vehi
773 1974 865 2025 liceret
881 1976 908 2025 iu
919 1977 1033 2037 Urbem
1050 1992 1100 2027 uec
1118 1976 1239 2041 patribus

130 2054 325 2113 devicesimum,
358 2060 544 2114 propraetorem
579 2054 664 2113 creari
704 2053 787 2101 visum
797 2058 904 2113 est,uec
915 2052 971 2115 ipse
982 2052 1068 2117 Scipio
1079 2064 1239 2117 magnopere

66 2129 72 2141 ‘
130 2132 239 2181 dolebat
255 2130 356 2178 Cicero.
375 2126 489 2190 Philipp.
500 2140 526 2176 v.
544 2128 664 2177 ‘Demus
704 2128 850 2188 contendit,
869 2136 899 2177 ut
917 2142 985 2177 novo
1005 2130 1124 2192 exemplo
1138 2144 1238 2179 morem

131 2208 210 2270 igitur
222 2205 361 2267 imperium
374 2202 479 2263 Casari,
493 2204 547 2253 sine
559 2219 610 2269 quo
623 2218 664 2253 res
705 2204 838 2267 majorum,
851 2203 889 2251 sui
900 2217 986 2266 cansa,
999 2203 1207 2254 commutarent!

131 2284 250 2333 militaris
263 2280 448 2341 administrari,
466 2280 547 2329 teneri
567 2282 665 2330 easrci·
737 2280 831 2343 Sicque
850 2278 999 2343 Pompeius,
1010 2281 1122 2328 omniurn
1143 2281 1237 2330 Roma·

130 2367 182 2420 tus,
193 2357 292 2406 bellom
305 2356 361 2419 geri
373 2369 422 2403 uon
435 2362 539 2419 potcst3
564 2357 597 2405 sit
610 2370 666 2421 pro-
704 2370 795 2403 norum
816 2355 922 2419 primus,
935 2370 966 2403 ex
987 2357 1089 2419 privato
1101 2359 1241 2421 proconsul

132 2440 256 2496 praetore,
278 2445 309 2480 eo
327 2431 398 2494 jure,
417 2446 466 2494 quo
486 2432 530 2495 qui
551 2432 663 2494 optimo,
705 2428 839 2489 saccones
851 2430 926 2479 victis
937 2430 1054 2478 hostibus
1066 2432 1091 2478 in
1102 2430 1241 2494 Hispania,

132 2508 175 2573 qni
185 2508 278 2567 bonos,
289 2520 433 2569 quanquam
452 2514 491 2555 est
509 2520 615 2569 magnus
627 2508 664 2556 illi
706 2520 737 2553 ac
759 2518 818 2553 mox
842 2503 868 2551 in
892 2501 992 2565 Africa,
1002 2504 1076 2553 binos
1097 2505 1240 2570 triumphos

132 2582 214 2642 atati,
224 2588 312 2629 tamen
332 2579 366 2627 ad
386 2580 567 2629 necessitatem
579 2595 664 2630 rerum
706 2580 769 2643 egit.
796 2578 889 2627 Cicero
900 2578 926 2626 in
938 2578 1029 2627 Manil.
1040 2580 1048 2607 ‘
1058 2578 1130 2630 Quid
1141 2587 1195 2629 tam
1203 2581 1241 2630 in·

133 2656 314 2720 gerendarum,
333 2668 383 2704 non
403 2654 483 2703 solum
503 2654 536 2703 sd
556 2654 666 2718 dignita·
705 2653 1063 2718 credibile,quamutitcrum
1072 2650 1240 2719 Equcaltom.

131 2730 295 2795 tem,valet.’
705 2744 738 2778 cx
748 2730 798 2779 SC.
812 2728 1010 2792 triumpharet?

163 2806 207 2855 Sic
226 2806 260 2854 P.
271 2804 358 2868 Scipio
376 2805 459 2854 adhuc
477 2806 591 2868 plicatus
607 2822 664 2870 pro·
697 2820 701 2827 ·
737 2805 788 2853 Sed
801 2804 861 2867 qnia
879 2804 928 2852 hoc
947 2806 1003 2853 loco
1014 2804 1102 2853 Taciti
1113 2806 1198 2868 agitur
1207 2806 1240 2855 de

132 2882 238 2930 consule
249 2881 341 2928 missus
361 2886 402 2943 eat
420 2880 445 2927 io
463 2879 624 2942 Hispaniam,
636 2888 665 2931 nt
707 2882 902 2944 proconsulatu,
924 2880 968 2943 qui
987 2894 1014 2929 se
1030 2881 1063 2928 ad
1082 2881 1240 2945 plurespto-

133 2956 228 3006 bellom
238 2961 351 3018 gereret.
376 2954 419 3003 Sic
431 2961 459 3003 et
470 2954 610 3018 Pompeius
622 2954 666 3003 ad·
704 2956 803 3005 vincias
822 2955 986 3017 extenderet,
1003 2956 1036 3005 de
1057 2970 1089 3005 eo
1107 2957 1240 3021 praecipue

132 3031 180 3081 ltuc
191 3030 353 3095 eqnesRom.
366 3029 456 3077 missus
465 3036 504 3079 est
512 3031 666 3092 proconsule
705 3044 810 3094 agemus
827 3032 853 3079 lo
872 3030 1050 3094 sequentibus.
1085 3031 1239 3095 ltaquepro

134 3106 258 3157 mussans
269 3106 410 3154 Sertorium
422 3104 447 3151 in
459 3104 636 3169 Hispaniam„
706 3109 816 3171 squnre
828 3114 933 3170 poterat
940 3108 1077 3168 proconsul
1085 3119 1162 3169 agere
1170 3108 1240 3155 idem

165 3183 221 3232 Cic.
235 3183 263 3231 in
276 3182 432 3231 Maniliana:
444 3182 452 3209 ‘
465 3180 534 3233 Quid
548 3190 598 3230 tam
610 3182 665 3229 inu·
706 3185 773 3248 qnod
787 3184 847 3231 olins
859 3182 986 3230 Consules
1006 3188 1033 3230 et
1052 3180 1185 3228 Praetores
1205 3181 1239 3229 ad

134 3258 248 3319 silatum,
265 3272 351 3321 quam,
364 3264 393 3305 nt
406 3272 462 3305 cum
475 3258 527 3305 duo
539 3258 665 3307 Consules
705 3258 801 3309 bellum
813 3255 933 3320 profecti,
944 3254 1040 3304 milites
1052 3254 1177 3319 scribere,
1193 3269 1240 3319 pe·

134 3334 269 3384 clarissimi
280 3332 462 3397 fortissimique
473 3340 568 3396 essem,
579 3334 665 3397 Eques
705 3334 794 3383 eunias
805 3332 923 3395 exigere,
934 3332 1072 3394 imperare,
1092 3346 1122 3381 ac
1141 3344 1240 3383 summa

135 3410 209 3460 Rom.
221 3409 254 3457 ad
265 3409 362 3458 bellurn
373 3409 509 3457 maximum
519 3407 665 3458 formidato·
705 3426 764 3460 cum
785 3412 917 3472 potestate
937 3406 1035 3457 versari
1055 3406 1081 3455 io
1097 3408 1239 3471 provinciis

134 3485 309 3547 sissimumqoe
327 3484 480 3546 proconsule
498 3482 664 3533 mitteretur?
704 3488 752 3537 sibi
764 3487 886 3546 decretis,
899 3492 926 3533 et
939 3485 987 3533 hoc
1000 3484 1135 3547 imperium
1150 3492 1239 3533 extra-

134 3561 225 3609 missus
238 3565 280 3607 est
290 3573 342 3621 quo
355 3558 458 3622 quidem
469 3565 595 3623 tempore,
606 3574 665 3608 cum
704 3562 902 3625 ordinarium‚et
911 3559 1067 3623 supraipsos
1075 3560 1239 3620 proconsules

135 3642 200 3685 esset
211 3650 262 3684 oon
272 3648 347 3683 nemo
358 3634 384 3681 iu
395 3642 495 3699 uenatu,
503 3636 547 3699 qui
556 3636 665 3698 diceret,
705 3638 756 3687 fuit
767 3654 798 3686 ac
810 3645 945 3700 pretores.

135 3724 182 3761 non
204 3718 329 3775 oportere
349 3710 417 3759 mitti
437 3712 564 3761 hominem
582 3713 666 3776 priva·
739 3714 798 3761 Hoc
817 3712 952 3774 imperium
969 3710 1094 3773 Pompeio
1115 3707 1237 3759 traditum

136 3792 187 3836 tum
197 3788 368 3849 proconsule;
392 3788 421 3836 L.
429 3788 563 3852 Philippus
572 3788 667 3838 dixisse
707 3787 778 3837 bello
790 3786 932 3845 Piratico,‘
945 3792 974 3831 ut
987 3790 1144 3846 potestatem
1161 3782 1238 3831 habe·

138 3860 241 3925 dicitnr,
262 3875 315 3910 non
334 3874 362 3909 se
385 3862 454 3910 illum
473 3878 520 3911 sua
539 3864 669 3913 sententia
708 3867 751 3910 ret
770 3860 915 3924 imperandi
930 3858 1055 3922 Regibus,
1077 3858 1239 3922 presidibus,

137 3938 299 4000 proconsule,
325 3938 371 3985 sed
389 3952 436 4001 pro
454 3940 599 3988 consulibus
610 3939 668 3989 mit·
707 3937 869 3999 civitatibus,
881 3941 911 3984 ut
918 3936 1043 3998 juvarent
1061 3949 1088 3982 se
1099 3932 1175 3981 rebus
1186 3946 1239 3980 oru-

139 4010 214 4061 tm·¹
707 4014 801 4066 uibus!
825 4014 871 4063 Sic
882 4013 996 4074 Appian.
1007 4011 1083 4059 Mitis.
1092 4015 1121 4057 et
1131 4009 1158 4056 in
1165 4010 1241 4059 snarl-

166 4086 282 4137 Atoerte
293 4086 381 4151 prlsca
389 4086 543 4151 Republica,
551 4103 602 4138 non
611 4104 669 4154 pcr-
710 4090 786 4139 timss
797 4088 953 4154 provincias,
962 4099 1043 4150 usque
1052 4084 1085 4136 ad
1092 4086 1243 4154 ibustsdis,

137 4158 196 4213 luds
211 4162 409 4214 estimabantur
423 4165 620 4230 proconsulatus
631 4166 669 4219 illi
708 4164 868 4217 estendebst
877 4161 1022 4228 imperinm.
