2917 4734
207 277 295 348 1348
510 290 541 338 c.
564 285 745 336 ooauanrs
766 284 893 334 rsorrr
1013 287 1314 352 [auocauere]

207 437 322 502 subter
333 432 441 498 undas
455 433 552 497 suxis
565 430 755 508 exterrita,¹1³
776 430 903 495 omisso
918 428 1052 494 uranus
1065 429 1185 494 lituris
1206 427 1312 504 flexu,

207 540 270 604 isos
284 535 329 602 ad
339 539 458 620 portus
472 533 625 598 defertur.
663 526 884 616 Unde'primo
898 531 1085 616 quaeetuoei
1099 535 1133 594 ei
1146 530 1313 614 opulenti3

204 702 288 755 relicto
298 699 360 764 ripe
367 699 465 750 moriar
474 700 602 759 tracturi
611 697 680 748 iosos
689 713 744 747 orso
753 698 886 750 devehitur.
922 699 975 754 qu
985 699 1015 748 de
1026 711 1099 746 rouro
1113 694 1216 758 primunr
1232 694 1314 757 afflas-

206 765 263 817 tuat
280 763 515 828 unoquoquo
524 763 653 828 Byzantii.
685 763 750 814 Deio
760 765 841 814 mmiir
856 761 955 814 tributio
970 761 1047 826 preco
1056 761 1192 823 attritique,
1206 771 1313 810 onerum

709 877 817 929 NOTAE

205 994 245 1044 ris
260 993 400 1044 lectionem
420 989 526 1042 latendi
543 1005 629 1055 posse,
648 998 678 1041 tu
694 991 740 1040 de·
779 996 821 1040 est
837 989 956 1055 piscatio,
972 988 1047 1039 simui
1063 993 1090 1038 et
1109 987 1318 1041 salsamentaria.

205 1069 308 1120 feniles.
339 1068 445 1132 lipsio
780 1067 922 1131 Postquam
943 1081 1007 1116 vero
1023 1065 1141 1130 Cyrum
1153 1065 1316 1124 transierint,

237 1149 279 1198 Bx
301 1145 432 1196 lieotieis
467 1143 605 1209 paludibus
632 1143 740 1193 exibant
780 1143 881 1206 cxripn
900 1133 1074 1192 Chalcedonis
1091 1139 1206 1191 albicans
1221 1155 1315 1191 occur·

204 1222 322 1290 piscerin
334 1228 440 1287 pontum
447 1221 582 1286 Bosphoro
592 1219 741 1283 Cimmerio,
780 1219 816 1269 rit
835 1225 911 1284 petra
927 1218 1062 1285 quaedam:
1079 1223 1167 1267 tannis
1183 1217 1243 1268 utne
1254 1217 1315 1268 bes·

204 1307 232 1350 et
244 1315 276 1350 ex
287 1305 367 1364 ponto
377 1297 740 1362 perBosptsorumTisrseium
779 1297 823 1346 tiis
842 1295 906 1360 ipsls
919 1301 1003 1345 terror
1017 1293 1153 1356 incutitur,
1163 1294 1315 1343 uterasti-
1398 1358 1402 1364 ι

203 1375 230 1424 in
249 1373 449 1440 Propontidem,
463 1379 491 1423 ct
511 1373 572 1423 hina
582 1372 739 1437 Byzantium
779 1373 821 1436 gio
843 1373 870 1422 in
897 1372 1049 1422 ulteriorem
1070 1376 1257 1420 convertentur
1278 1369 1316 1420 ri-

204 1443 365 1510 'allinchusun
382 1454 410 1498 et
420 1449 453 1498 ed
462 1450 530 1499 banc
541 1449 657 1514 reguiam
664 1449 740 1498 intel·
778 1448 858 1511 pam!
891 1447 993 1497 Plinius
1004 1461 1105 1512 quoque
1114 1445 1147 1496 de
1157 1445 1249 1496 iisdem
1261 1447 1316 1512 pis-

202 1525 302 1592 iigendi
318 1525 419 1576 Plinius
437 1531 466 1576 et
481 1526 566 1576 Divus
577 1525 739 1576 Ambrosius.
778 1521 851 1572 cibus
866 1523 974 1587 loquens
993 1521 1038 1571 lib.
1051 1534 1090 1571 rx.
1106 1525 1147 1572 lo.
1164 1521 1217 1572 ait:
1241 1523 1315 1573 ‘Est

203 1603 227 1652 Ε
238 1610 332 1653 natura
342 1601 434 1651 eadem
445 1608 485 1652 est
502 1602 584 1651 etism
600 1615 678 1663 nuuc,
689 1615 738 1650 uec
779 1595 806 1647 iu
822 1597 921 1662 Euripo
936 1596 1037 1648 'lisrsoii
1055 1597 1192 1661 Bosphori,
1202 1597 1230 1646 iu
1245 1597 1315 1661 ipsis

203 1677 272 1728 isliit
283 1684 329 1728 aut
339 1681 464 1727 mutetur.
495 1675 738 1742 Peismys,Gaiiice
777 1675 907 1738 Europam
927 1671 1069 1739 Asiamque
1087 1675 1233 1737 separantia
1248 1673 1315 1726 treet

203 1745 280 1804 Μ
778 1750 913 1814 angustiis,
923 1764 1012 1800 saxum
1029 1749 1088 1799 miri
1099 1750 1228 1812 candoris,
1239 1765 1254 1800 a
1266 1765 1314 1802 ra·

235 1831 353 1896 Portare]
368 1830 468 1881 Pontus
476 1828 604 1892 Euxinus,
613 1843 674 1894 pars
684 1843 737 1878 rua·
777 1825 812 1876 do
822 1827 855 1876 nd
867 1841 965 1877 summa
984 1828 1130 1892 perlucens,
1143 1827 1221 1892 juxta
1234 1827 1315 1878 cuat-

202 1907 239 1958 ris
261 1907 450 1958 Mediterranei
471 1907 524 1956 iaie
549 1903 638 1965 sumti,
661 1903 738 1953 alluit
777 1902 902 1952 cerionem
919 1904 946 1952 in
961 1904 1044 1953 latera
1060 1903 1141 1956 lirim.
1174 1903 1314 1970 liujusas·

168 2019 173 2024 .
201 1975 260 2032 oras
282 1982 384 2046 lllyrici
410 1983 465 2032 iste
492 1979 581 2043 sumti,
600 1979 736 2030 Sarmatia
777 1986 857 2042 pecto
869 1986 978 2044 repente
997 1980 1094 2044 territi,
1104 1994 1208 2046 semper
1219 1981 1314 2032 adrer-

201 2055 339 2121 Europam
360 2063 389 2106 et
407 2056 539 2116 Asiaticos,
555 2055 698 2118 Colchidis,
708 2061 737 2105 et
777 2069 834 2104 sum
853 2053 973 2118 Byzantii
990 2056 1203 2120 promontorium,
1225 2071 1259 2106 ex
1279 2073 1315 2110 ea

201 2130 273 2182 Asia
284 2131 390 2182 minoris
401 2131 573 2195 peninsula..
777 2143 856 2180 causa
875 2131 1033 2194 appeliatum
1053 2131 1199 2195 auricomo,
1218 2134 1314 2198 praei·

234 2205 324 2258 Hodie
334 2221 456 2256 vocamus
473 2205 629 2268 Mer-Noire,
641 2212 669 2255 et
682 2205 738 2255 Mer
777 2203 827 2268 piti
849 2211 944 2269 petunt
965 2207 1075 2270 nmine.
1109 2207 1204 2273 ltaque
1226 2210 1313 2260 omnis

203 2283 326 2347 disicere,
336 2296 429 2333 nomeu
447 2282 580 2347 antiquum
599 2283 680 2332 etism
698 2297 737 2334 ra·
777 2288 890 2344 captura
908 2281 1030 2346 Byzantii
1043 2289 1083 2333 est
1096 2283 1313 2350 magnaCisaice·

203 2359 273 2410 tinet
283 2359 456 2410 Prot-Euxine
473 2359 737 2411 estinterTurcicum
777 2353 851 2406 donis
864 2357 992 2421 penuria:
1008 2359 1123 2408 Picleso.

201 2435 339 2502 imperium
348 2436 736 2502 Europaeuru,Poioniem,par-
809 2433 991 2484 correctiones
1006 2435 1058 2484 ittae
1070 2441 1211 2500 suspecta,
1225 2451 1314 2502 rant,

200 2527 260 2562 rans
278 2514 436 2577 antarlam,
461 2513 625 2573 circadam,
652 2515 735 2566 Geor.
776 2507 1007 2575 etsaepiusialsae.
1038 2508 1140 2560 Sufficit
1151 2511 1221 2576 apud
1233 2511 1317 2582 Taei7

202 2589 280 2654 giam,
291 2597 320 2640 et
329 2588 474 2651 Natoiiam,
485 2590 603 2652 regiones
620 2591 736 2655 Europa
776 2590 909 2647 tumsm
920 2584 1065 2650 lilaobiiqrsu
1073 2599 1141 2648 esse,
1151 2593 1178 2636 et
1188 2591 1313 2640 exterrere

200 2663 310 2715 emim
322 2666 505 2714 recentiorum.
524 2665 686 2716 mmm,
776 2658 860 2724 pisces
882 2659 907 2708 iu
918 2674 989 2710 oram
1006 2660 1150 2724 adversam,
1166 2663 1244 2727 cujus
1258 2664 1314 2714 sint

233 2747 252 2775 n
269 2741 305 2790 Er
321 2739 511 2804 obliquante«
520 2743 597 2790 „aa
611 2741 678 2790 m
693 2757 736 2791 a.
775 2737 881 2798 coloris,
900 2751 990 2800 parum
1013 2744 1098 2800 curat,
1117 2751 1166 2788 nec
1185 2739 1311 2792 minutias

200 2815 300 2879 territo]
317 2817 382 2868 Qua
394 2817 445 2865 iste
454 2814 561 2880 obliqua
572 2831 635 2866 saxa
644 2817 735 2867 subter
773 2809 834 2862 ilias
843 2814 1008 2878 persequitur
1016 2813 1133 2864 Tacitus.

199 2886 302 2940 undas?
328 2898 404 2956 turpe
424 2891 515 2940 vitium
532 2892 692 2952 emendarit,
707 2893 735 2941 ni
809 2887 929 2952 otiique]
945 2888 1176 2941 Aliiroiuutuiis‘o.
1193 2891 1313 2944 Possunt

198 2963 404 3028 fallor‚juuaute
420 2965 559 3026 Strabone,
578 2966 735 3016 Francisous
775 2961 907 3013 sublatere
919 2965 993 3029 aquis
1012 2978 1075 3016 saxa
1095 2981 1153 3031 quae
1172 2967 1225 3016 sint
1241 2967 1312 3032 alba,

197 3037 336 3089 Medicas:
349 3039 427 3105 quiin
438 3040 737 3105 suocodieeennotaviq
775 3038 850 3088 simui
863 3046 891 3089 at
901 3040 1021 3107 obliqua;
1040 3040 1085 3092 sed
1098 3041 1132 3093 de
1142 3043 1243 3110 obliquis
1250 3051 1310 3096 tan-

197 3115 336 3180 legeudum
352 3115 402 3164 sibi
419 3115 510 3176 rideri,
520 3121 544 3165 et
557 3115 617 3165 diris
627 3116 690 3182 (rei,
699 3119 735 3168 oi·
775 3123 830 3166 tum
840 3117 960 3170 Tacitus.

196 3187 366 3258 iiidie)suiter
375 3193 660 3243 momoderate.
808 3192 917 3257 Oiliqsio
937 3195 1019 3245 subter
1044 3195 1131 3259 amos]
1169 3197 1311 3262 Quaerunt,

233 3269 735 3322 StrabonisverbaLatinecorsrersaex
776 3283 834 3334 quae
845 3269 903 3319 lsaec
922 3286 982 3320 auxo
998 3269 1109 3336 obitque?
1134 3271 1308 3336 Egodioam:

197 3343 249 3419 lib.
260 3358 310 3394 rur.
323 3345 386 3394 talin
396 3353 473 3395 sunt:
497 3347 612 3396 ‘Earum
629 3364 737 3411 genem.
775 3359 790 3394 e
802 3346 891 3397 littore
903 3347 1074 3398 Chalcedonis
1084 3363 1147 3398 saxa
1157 3364 1172 3399 a
1183 3348 1269 3399 latere
1281 3365 1310 3400 sc

203 3418 249 3481 tio,
265 3417 432 3482 (Pelamydes
452 3419 485 3468 ab
499 3435 531 3469 eo
550 3423 736 3490 appellantur)
775 3421 925 3486 ostendunt,
946 3432 975 3474 et
998 3426 1069 3473 velut
1097 3439 1129 3473 ex
1151 3432 1311 3490 transverso,

203 3494 374 3545 iuliaeoticis
386 3497 520 3560 paludibus
532 3497 570 3550 iit.
596 3500 736 3552 ludevero
773 3497 1068 3564 (Straboniscripurmp
1084 3507 1161 3564 atque
1182 3499 1311 3564 anigitur

205 3571 330 3636 paulatim
351 3579 499 3636 erumpunt,
510 3589 589 3638 grege
603 3573 677 3626 facto
689 3593 737 3642 per
772 3569 891 3638 'frigiune
935 3573 972 3624 At
997 3575 1151 3624 Franciscus
1179 3573 1312 3640 Medicas,

204 3663 234 3700 os
246 3647 340 3713 ipsum,
349 3663 379 3698 sc
387 3650 581 3714 propterlittus
592 3651 736 3704 Asiaticum
777 3649 837 3714 quia
847 3651 943 3702 Strabo
954 3651 1021 3701 idem
1034 3657 1060 3701 et
1072 3651 1171 3701 Plinius
1182 3653 1313 3704 condidam

203 3737 287 3788 nsque
306 3723 494 3789 Trapezuntem
515 3741 545 3775 ec
565 3725 736 3779 Pharnacians
775 3739 859 3774 taxum
870 3725 895 3774 ld
908 3726 1008 3790 dicunt,
1018 3727 1099 3775 vellet
1116 3729 1156 3775 hic
1168 3727 1230 3792 legi,
1240 3728 1314 3796 dibu,

202 3805 351 3851 excurrunt.
386 3800 456 3850 ilinc
470 3802 581 3865 primum
593 3817 681 3853 earum
693 3819 736 3854 re-
775 3802 817 3850 vei
827 3799 922 3866 udidu,
932 3818 979 3868 pro
991 3818 1066 3867 voce,
1077 3803 1185 3868 obliquis.

201 3873 273 3923 natio
284 3875 383 3937 existit,
399 3889 451 3924 nou
467 3879 572 3942 copioso
588 3879 735 3943 admodum,
808 3877 909 3928 Vellem
921 3887 948 3928 et
959 3895 1008 3944 ego
1019 3879 1128 3928 hominis
1139 3893 1227 3929 causa.
1244 3881 1315 3932 onis

198 3951 314 4002 noudum
328 3951 397 4000 euim
413 3953 569 4002 couveniens
589 3959 629 4004 est
649 3955 736 4004 multi·
774 3953 843 4004 enim
866 3954 982 4007 linricus
1005 3955 1124 4005 Medicas
1144 3969 1197 4004 nou
1219 3957 1313 4008 amet?

200 4025 272 4076 tudo.
306 4025 358 4075 Sed
377 4031 408 4076 ut
427 4027 550 4094 Sinopam
569 4030 676 4094 propius
692 4045 735 4081 se·
774 4029 822 4078 sed
843 4043 894 4079 nou
915 4045 1019 4094 possim
1042 4031 1109 4082 lianc
1135 4029 1312 4098 peraudaeern

197 4097 337 4166 'caserinq
352 4101 495 4168 speciosior
512 4103 734 4158 nimirum'aarum
771 4103 960 4172 conjecturam.
975 4107 1079 4176 lipsio.
