2917 4734
152 285 287 351 ωσι]
498 281 704 333 utereturi
729 283 803 333 urs.
827 283 916 334 xrrr.
1171 269 1257 338 1611

153 423 256 490 routt'
286 423 420 488 ‘nullos
443 427 649 490 mortaliumm
671 429 772 492 armis
796 434 854 493 aut
877 427 943 492 lide
968 431 1043 492 unte
1069 425 1256 494 Germanos

154 525 251 604 esee}
281 526 481 602 exclamant,
503 527 815 610 degrediunturque⁶
840 534 874 591 et
895 529 980 594 iuter
1006 528 1125 593 Patres
1148 531 1257 594 consi-

154 625 236 690 dunt
248 634 273 692 :⁵
294 628 383 709 quod
399 629 571 692 comitere
586 630 769 694 visentibus
782 635 971 714 exceptum,
987 631 1081 714 quasi
1099 631 1258 712 impetus·

154 728 293 810 antiqui,
317 735 351 791 et
377 730 467 791 bona
492 730 757 794 emulationem
801 731 893 796 Nero
922 733 1058 796 civitate
1089 731 1257 796 Romaneq

153 887 210 931 tute
222 889 267 931 aut
277 883 330 933 fide
342 885 476 934 Germanis
489 887 648 949 precellere,
666 889 846 952 macedum,
865 893 889 938 et
907 889 971 937 ieter
986 892 1104 936 umores
1118 887 1195 935 sedem
1207 884 1257 934 sibi

152 945 260 1022 deligam
267 965 283 1024 τ’
299 951 359 1011 quod
368 950 424 998 lesse
434 951 572 1014 meque
581 953 735 1014 interpretati
746 958 809 1014 most,
820 955 859 1016 qai
870 953 960 1013 cirine,
974 953 1037 1001 celet
1052 950 1137 1001 indolis
1147 965 1175 999 oe
1183 949 1258 1013 speci·

152 1023 223 1060 usuro
231 1017 333 1078 usqu,
342 1020 366 1062 et
378 1015 449 1064 velut
461 1015 610 1064 mutim
621 1018 720 1078 megia
729 1016 835 1067 iactam.
879 1018 1008 1080 Utramque
1018 1015 1127 1079 oeeipss't
1140 1015 1221 1064 Caesor
1230 1014 1258 1064 iss

620 1155 799 1186 nequeant

76 1231 85 1238 ⁶
183 1251 259 1300 dSic
272 1251 387 1302 Picirens
404 1267 420 1301 e
441 1253 493 1304 Mo.
503 1254 576 1304 Flor.
609 1255 641 1304 ln
652 1246 787 1306 veteribus
797 1255 963 1316 editionibus,
972 1255 1197 1318 diarodinam—l
1214 1253 1258 1304 Ita

151 1313 215 1363 libri
232 1317 333 1380 scripti,
343 1325 371 1364 et
381 1317 510 1367 editiones
521 1326 623 1368 veteres
634 1333 665 1367 sc
678 1320 845 1370 recentiores.
879 1321 987 1369 Frustra
998 1320 1146 1370 emendavit
1157 1319 1258 1368 Rhena-

44 1425 48 1430 .
151 1378 413 1437 malmundario.
446 1381 550 1445 Lipsius
562 1383 754 1445 oeconomum·
771 1384 927 1434 emulatione.
944 1384 1057 1434 Brotier.
1090 1383 1258 1434 Amicusete

152 1437 210 1492 desa
228 1445 391 1502 oenslmmm
415 1445 524 1496 Juretus
543 1451 567 1496 et
587 1447 640 1495 loss*
656 1449 783 1497 maenio.
817 1449 881 1498 Mas.
901 1448 938 1497 nil
957 1455 1068 1499 mutent.
1107 1447 1257 1512 Bythios-

639 1595 749 1648 NOTAE

182 1706 201 1732 ¹
227 1701 311 1749 Nellos
327 1702 474 1765 mulien]
505 1702 581 1752 Hauc
600 1702 681 1766 ipram
720 1703 804 1751 libro:
822 1701 895 1751 ‘Sed
915 1702 1039 1766 impeturn
1059 1701 1126 1764 ejus,
1145 1700 1256 1750 multum

151 1789 204 1824 reru
215 1773 320 1838 tactam,
337 1776 446 1827 Claudio
457 1778 583 1842 principe,
601 1779 683 1827 tradit
722 1779 793 1840 prius
803 1776 908 1826 laudata
915 1774 1095 1840 ineptitudine
1103 1774 1257 1837 ulutatu·

149 1850 296 1901 Suetonius.
328 1851 380 1900 Sed
393 1859 457 1916 puto
465 1851 567 1901 fidelior
577 1853 682 1903 Tacitus
721 1865 803 1901 nuere
815 1851 968 1900 senatores.'

150 1923 177 1974 iu
198 1927 408 1989 circumstantiis,
435 1942 499 1991 quas
526 1927 568 1975 iric
596 1927 681 1977 atlert.
754 1928 895 1992 Antiquam,
914 1926 983 1992 quod
1001 1922 1189 1991 quodammodo
1211 1937 1256 1976 ex·

151 1999 274 2051 Ceterum
300 2003 458 2052 conveniunt
485 2004 511 2052 iu
538 2003 682 2054 subeuntia
722 2004 796 2054 cedit
816 2004 919 2054 modurn
944 2002 1041 2064 seculi,
1059 2009 1087 2051 et
1108 2000 1257 2066 antiquitati

151 2075 199 2138 rei,
208 2085 237 2126 ut
246 2077 441 2141 solentuempe
450 2078 592 2130 Germanos
602 2079 680 2129 tidem
721 2080 836 2130 laudata
858 2095 905 2143 psr
926 2085 973 2130 est.
1015 2078 1146 2128 AEaaats'o
1169 2083 1256 2127 autern

151 2165 223 2202 snam
238 2158 267 2203 et
283 2152 462 2204 fortitudinem
474 2155 628 2219 predicasse
639 2170 682 2204 no·
722 2155 791 2218 losa,
803 2161 832 2205 ut
844 2156 907 2205 alibi
915 2170 998 2220 moa.

150 2224 195 2276 oili
205 2227 350 2293 impetu,et
360 2229 500 2294 specimine
511 2245 573 2282 sere
583 2233 682 2298 antiqui
755 2232 799 2282 Sic
822 2232 900 2294 igitur
919 2232 1027 2293 accipe:
1053 2228 1120 2292 quoti
1141 2227 1168 2277 id
1187 2232 1256 2278 esset

150 2301 238 2351 moris.
722 2306 941 2369 isaprtssoatiqti5
965 2301 1257 2354 rttomoemulotiosed-

180 2384 193 2408 ¹
209 2377 512 2442 Isterpstreseorssidrsnt]
542 2381 620 2432 Quod
632 2381 683 2428 Ta·
724 2388 790 2430 eret.
825 2381 965 2430 amorius.

148 2452 218 2502 cites
228 2453 270 2504 iric
282 2455 389 2516 Neroni,
407 2455 476 2504 idem
487 2456 625 2504 Suetonius
637 2455 682 2503 tri·
757 2453 861 2518 impetes
871 2453 976 2516 ntiqui]
994 2451 1173 2502 Benedicitur
1182 2451 1255 2515 inps·

149 2527 207 2576 buit
218 2529 327 2579 Claudio
342 2545 401 2594 esp.
413 2533 455 2580 ²⁵.
471 2531 683 2580 ‘Germanorum
721 2535 762 2580 tas
781 2530 825 2578 ille
843 2531 920 2578 moris
939 2534 967 2578 et
989 2529 1136 2591 speciminis
1154 2527 1256 2590 miqui,

149 2604 243 2666 legatis
253 2606 280 2654 iu
292 2604 436 2654 Orchestra
452 2605 545 2656 sedere
555 2606 683 2670 permisit,
723 2621 773 2669 quo
786 2619 858 2655 meus
869 2604 924 2654 sive
935 2603 1042 2666 animus,
1059 2604 1129 2652 uelut
1140 2609 1215 2652 extra
1227 2617 1256 2653 ss

149 2680 318 2744 simplicitate
328 2696 418 2731 eorum
434 2689 462 2731 et
478 2681 575 2732 diducis
590 2690 684 2746 motus,
723 2681 870 2743 prorumpit
881 2680 906 2728 ln
924 2680 1045 2729 eximium
1056 2677 1199 2741 consilium,
1210 2683 1257 2728 aut

149 2756 218 2820 quod
227 2756 256 2805 iu
263 2757 400 2820 popularia
407 2755 527 2820 deducti,
535 2772 595 2806 cum
605 2757 684 2807 anim·
723 2755 822 2807 sactum
833 2757 936 2822 aliquod
948 2755 1089 2820 egregium.

150 2832 325 2882 advertissent
351 2832 463 2882 Portitor
490 2839 519 2882 et
548 2832 684 2882 Armenios
756 2833 799 2882 Sic
810 2833 891 2884 ctiam
902 2832 935 2881 de
946 2833 1051 2882 Nerone
1061 2829 1179 2890 Tacitus,
1197 2842 1256 2880 cunr

149 2910 271 2960 sedentes
291 2911 319 2958 iu
341 2917 442 2973 senatu,
462 2907 496 2958 ad
515 2909 607 2959 eadem
626 2911 684 2960 loca
724 2923 818 2972 nempe
830 2923 861 2959 eo
878 2922 960 2972 usque
971 2905 1052 2957 effusa
1071 2913 1112 2956 est
1132 2906 1187 2970 ejus
1204 2905 1256 2955 cle·

148 2991 244 3049 sponte
255 2986 420 3048 transierant,
431 2985 510 3034 nihilo
526 2985 684 3036 deteriorem
723 2985 821 3034 urentia
842 2984 1047 3049 benigniterque,
1066 2989 1095 3032 ut
1113 2986 1257 3032 morse·

148 3061 272 3120 uirtutem
283 3067 329 3110 sut
339 3061 515 3111 conditione·
526 3075 599 3110 suam
616 3075 683 3125 prse-
723 3061 812 3122 tigulia
823 3061 912 3124 generi
925 3060 1069 3108 mortalium
1081 3060 1150 3107 ultro
1166 3071 1258 3108 conce·

149 3137 284 3186 dicantes.'
724 3136 809 3187 deret.
849 3136 935 3198 Supra
954 3149 977 3182 c.
989 3133 1117 3182 5⁰.‘Sed
1130 3132 1256 3195 impetunt

181 3213 235 3262 llio
250 3212 456 3275 mmmmm
473 3211 570 3275 gratim
580 3211 684 3271 theatri,
723 3212 851 3274 ejru,&c.
864 3207 1010 3259 attinuere!
1167 3239 1169 3246 ι

148 3304 197 3339 seu
209 3302 305 3350 caree,
315 3290 341 3337 in
358 3287 452 3352 quibus
463 3287 572 3338 sedebat
580 3294 683 3350 speeta-
756 3293 769 3328 ν
787 3288 821 3336 Et
832 3284 1058 3346 losomiotioso]
1081 3284 1192 3332 Veteres
1202 3296 1255 3342 oru-

150 3363 457 3428 batquepopulusllom.
496 3362 548 3423 lbi,
559 3361 683 3423 atrides,
723 3361 965 3424 sesquati-perse
975 3355 1256 3422 contestatorium·

149 3440 241 3490 eadem
262 3441 340 3503 aetio,
359 3448 387 3490 et
409 3455 480 3503 sepe
497 3439 588 3489 eadem
609 3439 683 3488 dicta
722 3438 819 3498 tarum,
828 3437 892 3486 satis
903 3434 996 3484 idoneo
1005 3449 1089 3484 seusu.
1121 3433 1168 3483 Ait
1179 3433 1256 3496 euim,

147 3515 281 3581 tactaque,
293 3516 403 3565 dirersis
422 3514 581 3580 principibus
600 3513 684 3564 tribu·
722 3512 873 3562 libertstem
893 3512 964 3561 illam
975 3510 1160 3561 Germanorum
1179 3509 1257 3559 comi·

149 3600 235 3642 utar.
273 3593 342 3642 Uter
360 3591 446 3640 serius
463 3590 610 3652 tradiderit,
626 3589 684 3654 quis
724 3587 1101 3647 teravisentibusncceptam,
1117 3583 1187 3646 quasi
1200 3597 1255 3646 prre

148 3683 218 3718 nune
228 3668 353 3718 decidat?
369 3665 472 3716 Tacitus
484 3672 571 3715 tarneu
581 3679 616 3714 ex
625 3678 683 3729 pro·
724 3679 752 3714 se
765 3664 868 3712 tulisset
879 3661 974 3724 aliquid
987 3659 1085 3723 antiqui
1096 3659 1218 3722 impetus,
1229 3667 1257 3710 et

149 3744 220 3796 tesso
230 3745 320 3795 scribit
330 3741 684 3804 littoriumuouduetouius.
724 3737 791 3787 bona
803 3736 966 3786 emulatione
978 3733 1074 3783 lactum
1086 3739 1164 3782 esset.

149 3860 154 3868 .
186 3817 554 3883 &mummium
566 3825 615 3868 ast.
650 3818 685 3867 E·
757 3812 882 3860 Rhensno
893 3817 980 3860 tamen
991 3809 1099 3872 placuit,
1114 3812 1138 3856 et
1154 3807 1213 3856 tosa
1223 3823 1256 3857 α,

148 3901 193 3946 rat
202 3897 275 3946 loeus
284 3895 392 3945 Petrum
401 3895 427 3942 iu
435 3895 538 3944 theatro
547 3893 685 3956 orclem
723 3889 836 3938 melota.-
862 3901 911 3936 nou
924 3889 1005 3944 ruale;
1031 3885 1077 3934 sed
1093 3883 1153 3934 ruilrl
1169 3884 1256 3948 prisea

148 3976 501 4036 quaraetvocsturseastes.
722 3963 803 4016 lectio
815 3963 908 4028 potior.
942 3963 1057 4012 Pictore.

183 4045 329 4111 ⁰lsspetrss]
345 4043 683 4108 immemoresque·
755 4049 768 4084 ‘¹
795 4039 904 4091 Ciuitate
927 4037 1045 4100 musmo]
1076 4037 1153 4089 Quod
1176 4037 1256 4091 decus

149 4133 198 4172 uus
207 4120 286 4176 sulm
297 4135 331 4174 ea
339 4121 450 4172 honesto
460 4127 555 4174 motus.
589 4120 682 4172 Utisoe
722 4117 855 4188 precipue
866 4127 1017 4168 conoeuum
1033 4111 1185 4180 primoribus
1196 4127 1255 4182 pro·
