2917 4734
129 273 266 342 uem}
473 267 680 320 suusmurr
704 270 779 320 ers.
803 269 892 322 xru.
1149 257 1236 328 lori

130 422 252 484 ortum
265 417 443 493 certamen,
457 414 547 498 quod
559 413 781 483 immodestos
800 415 950 482 fautores
969 416 1172 498 histrionum,
1188 425 1236 486 et*

130 537 155 584 u
175 517 327 586 Prmtore
348 517 383 582 in
405 517 541 582 vinuuiu
560 517 690 596 ductos,
713 518 881 583 Tribunus
897 523 908 556 ‘
918 518 1035 600 omitti
1044 519 1204 604 jussisset
1213 530 1238 588 ε·

130 621 408 703 comprobavere*
425 619 556 697 Patres,
570 620 728 684 incusata
749 619 915 684 ‘Antistii
930 619 1085 684 licentia!
1129 621 1237 690 Simul

130 708 293 806 prohibiti
305 718 475 798 Tribuni,⁸
489 719 567 805 ‘jus
581 718 771 786 Proetorum
785 727 819 786 et
835 719 1029 786 Consulum
1045 721 1236 808 praeripere,

128 867 246 919 i'sntores
256 869 402 932 mimmum,
413 885 464 920 cem
475 885 513 919 eos
523 872 693 923 tumultuantes
706 873 896 936 iuxioiestespue
905 855 996 936 prator
1005 873 1032 922 is
1043 872 1174 924 custodium
1183 839 1236 925 tre-3
1260 861 1267 877 x
1373 887 1378 894 ·

128 933 209 983 terete
225 935 349 985 iuducere
360 935 448 984 Patres
458 935 609 1000 Vibullium,
614 937 731 1002 increpitu
747 937 856 986 Antistii
872 937 988 988 audacia.
1021 937 1100 986 biuuri
1109 938 1178 986 uetiti
1189 939 1235 986 tri·

129 997 340 1062 iuiuindicare
349 998 398 1048 sibi
403 999 449 1063 jus
459 1005 611 1064 pratorum,
628 1008 675 1051 sut
693 1017 787 1052 vocare
807 1016 840 1051 ex
858 1001 938 1051 italie
956 1015 995 1051 eos
1008 1001 1162 1067 quibuscum
1174 1001 1236 1066 jure

596 1141 775 1163 nemeen

129 1225 265 1277 veteribus
275 1225 501 1289 Inscriptiooibus.
518 1206 676 1278 limitabit
692 1229 729 1279 Et
739 1228 814 1279 abest
824 1242 840 1278 a
851 1230 901 1280 bis.
915 1228 972 1280 ies.
988 1233 1128 1293 potestque
1138 1227 1235 1280 omitti.

127 1290 253 1342 Iam-s
269 1292 390 1342 Muretus
401 1292 546 1342 tusiietsou
554 1293 691 1356 probavere.
721 1293 791 1344 Seue
806 1294 899 1345 durum
915 1299 957 1346 est
970 1291 1157 1358 comprobuuere,
1167 1293 1232 1344 lieet

626 1416 735 1472 Noun

127 1528 314 1594 Siedistiugue
330 1529 506 1596 etiutcliige:
525 1533 590 1584 Nun
599 1533 664 1584 ister
703 1535 769 1584 rium
788 1535 964 1600 prohiberent,
986 1548 1062 1600 quam
1081 1538 1113 1582 ut
1139 1527 1239 1598 aliquid

133 1606 266 1657 Vri-iliu
283 1612 444 1670 praetmmet
458 1609 665 1672 piebeitridrmuuu
704 1615 831 1672 ugereut3
847 1609 928 1675 igitur
938 1609 1054 1676 quemvis
1070 1607 1149 1658 etiam
1166 1619 1239 1658 seue

128 1683 480 1735 summersa-ees
489 1685 665 1749 comprobem
704 1689 799 1748 torem,
818 1685 895 1738 etiam
917 1692 946 1735 et
966 1685 1110 1749 principem
1132 1697 1238 1734 eutero

126 1764 221 1824 parer,
232 1757 352 1809 incusata
365 1759 471 1808 Antistii
486 1760 593 1823 lieentia,
603 1763 665 1824 quod
705 1761 774 1810 tueri
787 1765 1042 1824 potueruut,coutra
1058 1760 1109 1808 vim
1125 1759 1238 1808 intentu-

128 1835 280 1884 issrsedestos
299 1833 412 1894 fautores
432 1835 574 1886 meurs
601 1841 627 1886 et
649 1851 666 1885 u
706 1836 954 1900 tamspoteutiore,
971 1849 1017 1885 seu
1033 1833 1239 1896 violentiorem

128 1908 666 1972 retorsisoiseaiudsctostriiususostitti
704 1909 842 1961 iicuitiiiis
862 1909 1028 1960 intercedere
1048 1907 1179 1973 quibusvis
1193 1905 1259 1962 de,

121 1986 242 2047 just-u.
705 1985 786 2036 cretis
797 1986 915 2038 Petrum.

161 2060 197 2112 ld
218 2067 351 2111 certamen
370 2059 410 2110 its
430 2060 602 2126 comprobent
621 2076 667 2126 pa·
738 2062 827 2113 Licuit
844 2061 916 2126 ipsis,
928 2074 1114 2127 quemcumque
1129 2059 1238 2124 velient,

130 2143 195 2200 tres,
205 2143 237 2186 ut
244 2135 355 2186 isudent
362 2137 507 2194 Vibuiiium
517 2144 667 2202 praetorem,
705 2145 838 2202 arreptum
855 2139 882 2188 iu
899 2137 1049 2188 concionem
1069 2135 1189 2200 prodere,
1200 2135 1241 2186 its

131 2220 159 2263 et
168 2213 290 2263 incuseut
305 2212 453 2262 Antistium
470 2212 602 2262 tribunum
611 2213 668 2277 pie-
705 2219 736 2264 ut
745 2221 874 2280 'cogerent
885 2215 956 2272 iilum
968 2213 1127 2278 respondere
1137 2213 1170 2262 de
1181 2213 1239 2278 qui·

131 2287 181 2338 bis.
215 2288 395 2352 Comprobaut
410 2291 545 2337 certamen
559 2287 667 2338 Vibuiiii
706 2289 880 2341 busrebusis
899 2289 1171 2352 essetinterrogutus3
1188 2289 1238 2338 sic·

132 2363 263 2427 putoris,
273 2369 301 2412 et
312 2362 444 2412 tribunum
454 2368 567 2426 arguunt
578 2362 666 2413 nimius
707 2379 758 2430 que
769 2372 843 2416 tantu
854 2366 974 2430 potentis
983 2363 1056 2426 freti,
1067 2379 1094 2414 se
1106 2379 1239 2428 opponen-

133 2432 270 2491 aarum
706 2439 741 2490 do
751 2439 872 2492 Patribus
887 2453 992 2506 meguas
1003 2452 1074 2504 supe
1084 2438 1174 2488 turbas
1186 2453 1238 2489 mo·

166 2523 177 2555 t
195 2513 295 2576 Ortum]
312 2510 380 2564 Orto
390 2511 531 2564 certamine
541 2513 612 2562 inter
622 2513 668 2564 Vi·
706 2529 778 2566 vere.

131 2591 241 2642 buliium
253 2598 281 2640 et
297 2589 451 2654 Antistium,
466 2589 607 2639 laudavere
620 2591 666 2640 vt·
738 2593 834 2644 Temen
844 2593 865 2641 si
878 2589 1055 2654 uuuscoiiegii
1064 2588 1240 2654 rogationibus
1259 2637 1262 2644 .

132 2668 240 2719 buiiiusn
262 2674 361 2732 patres,
389 2683 436 2716 seu
454 2667 667 2731 comprobavere,
705 2668 813 2718 aliorum
823 2667 1007 2730 intercederet,
1015 2665 1176 2730 impediebat
1187 2680 1240 2716 otu·

131 2745 201 2809 quod
212 2744 380 2794 immodestos
390 2741 504 2792 fautores
515 2742 666 2792 bistriouum
705 2743 759 2794 uia.
793 2744 860 2798 Haec
879 2749 995 2807 potestus
1016 2742 1115 2793 abolita
1128 2757 1144 2791 s
1160 2741 1240 2807 Syiiu,

130 2820 157 2868 in
174 2821 280 2870 riscuis
298 2820 417 2881 duceret,
431 2819 550 2868 incurate
568 2818 667 2869 tribuni
706 2820 829 2876 restitute
849 2836 864 2870 u
880 2819 1018 2884 Pompeio,
1029 2819 1088 2869 deiu
1108 2817 1156 2874 sub
1172 2817 1241 2869 Con·

130 2894 249 2957 licentia,
259 2893 329 2958 quod
338 2908 383 2944 eos
391 2891 507 2943 fautores
517 2893 603 2942 omitti
610 2893 667 2958 jus·
707 2897 821 2946 stautino
831 2894 951 2962 principe
963 2909 1066 2959 prorsus
1076 2893 1164 2944 desiit.
1257 2938 1260 2942 .

129 2970 225 3021 sisset:
243 2983 346 3034 nempe,
363 2969 551 3019 intercedendo
571 2969 667 3020 actioni
740 2972 890 3026 ¹i'roitiiiti
910 2969 1013 3034 tribuni]
1053 2971 1113 3022 Nou
1137 2970 1240 3024 mirum.

131 3046 262 3112 putoris,
279 3045 427 3096 eosrinciis
439 3052 575 3096 exemerat
586 3045 667 3096 tribu·
707 3047 813 3112 Quippe
835 3047 947 3118 quince
967 3047 1057 3098 Romu
1077 3047 1240 3098 uocationem

132 3137 191 3174 nus.
664 3174 666 3181 ,
706 3121 855 3184 habuerint,
875 3127 983 3170 auctora
1005 3121 1139 3170 Varrone:
1167 3121 1241 3184 cujus

164 3207 175 3232 ¹
192 3195 411 3258 Omittiiussisset]
435 3197 496 3247 Hoc
516 3197 603 3261 potuit
621 3197 668 3247 tri·
707 3197 789 3246 verbu
808 3198 834 3246 iu
854 3195 951 3260 Agettii
971 3197 1051 3246 Noct.
1071 3209 1137 3245 xttt.
1150 3201 1190 3246 12.
1212 3197 1240 3247 iu

132 3272 218 3324 buuus
228 3273 313 3337 piebis
325 3287 373 3336 pro
378 3271 440 3336 jure
456 3278 485 3321 et
502 3287 611 3336 prosus
623 3287 670 3336 po·
708 3271 880 3323 ltsiismuito
895 3272 989 3332 miuus,
1005 3271 1103 3336 quippe
1120 3286 1179 3322 cum
1195 3287 1241 3336 poq

131 3355 247 3410 testate3
260 3350 347 3411 potuit
358 3348 408 3396 vim
418 3347 558 3412 probibere
574 3362 591 3396 s
606 3362 669 3412 quo·
708 3356 893 3400 testaceorum
908 3346 989 3396 Urbis
1004 3346 1130 3396 duntaxat
1148 3345 1242 3399 unibus

133 3440 244 3490 eumque
263 3425 426 3484 mortalium3
451 3439 503 3489 qus
522 3429 608 3474 umen
624 3439 671 3488 pu
708 3425 904 3476 terminaretur.
930 3422 1000 3474 Vide
1018 3423 1129 3487 Dionys.
1145 3424 1165 3475 i.
1177 3437 1242 3482 rur.

130 3509 229 3552 testate
250 3501 323 3551 abuti
334 3515 386 3550 nou
396 3500 489 3549 debuit
500 3501 526 3550 in
537 3500 669 3550 iiceuiium
708 3501 815 3566 lipsius.
1237 3541 1241 3556 .

133 3578 219 3642 piebis
240 3582 269 3626 et
287 3577 353 3625 teies
370 3574 505 3626 sactiones.
545 3574 669 3640 Alioquin
741 3576 816 3626 ium
831 3581 960 3641 praetmn
976 3579 1000 3624 et
1015 3575 1146 3638 conmissae]
1162 3575 1241 3628 Quod

131 3653 246 3719 ipsemet
258 3652 375 3702 tribuous
386 3651 502 3701 coiitccri
515 3651 610 3715 potuit,
627 3652 668 3700 rei
703 3653 748 3717 jus
760 3652 945 3716 praeripiebant
960 3650 1056 3699 tribuni
1074 3649 1168 3712 piebis,
1180 3663 1241 3702 cunt

130 3742 146 3779 s
176 3727 285 3792 coiiegis
311 3727 354 3776 vei
378 3726 457 3775 etiam
483 3741 500 3775 s
521 3725 669 3774 coruuiibus
710 3733 835 3777 vocureut
851 3724 1006 3774 sdsecives
1023 3737 1071 3773 seu
1088 3723 1181 3786 socios,
1196 3723 1241 3790 qui

132 3804 316 3870 petribusque,
327 3809 356 3852 ut
367 3803 416 3851 boc
428 3816 497 3851 casu.
709 3809 852 3868 praetorum
868 3805 914 3853 aut
925 3799 1058 3852 consutum
1070 3799 1241 3851 tribunalibus

161 3878 289 3943 iussisset]
315 3879 433 3928 Fuerunt
455 3878 566 3940 primum
583 3877 667 3927 creati
709 3879 832 3928 assistere
854 3875 1009 3938 debuerunt,
1035 3890 1094 3926 cum
1117 3881 1241 3928 vocarent

21 3987 24 3991 ·
130 3957 245 4025 quinque
267 3955 370 4017 tribuni,
387 3953 447 4004 dein
464 3954 564 4016 decem,
575 3952 609 4003 ad
626 3959 667 4001 tu·
708 3968 741 4002 ex
753 3953 831 4003 ltuiiu
842 3967 887 4001 eos
902 3951 945 4017 qui
958 3941 1241 4016 judicari'debereutu

130 4033 240 4086 tendum
252 4031 356 4097 piebem
366 4029 490 4079 adversus
505 4028 623 4079 consules
640 4033 669 4078 et
708 4028 865 4094 prtetoribus
875 4041 922 4077 seu
932 4027 1089 4094 consulibus,
1098 4033 1126 4077 et
1136 4011 1242 4093 quibus-⁴

130 4109 289 4176 optimates;
307 4115 336 4158 et
346 4106 427 4170 magis
439 4113 470 4157 ut
487 4105 539 4157 vim
557 4113 586 4157 et
602 4105 669 4172 iuju·
708 4119 768 4156 cum
778 4105 837 4172 lege
848 4101 892 4169 egi
903 4107 998 4168 posset.

197 4189 287 4255 Deipi.
297 4194 322 4240 et
335 4187 393 4241 Vm.
405 4187 471 4238 cius.
652 4184 730 4238 Tecti.
1121 4188 1136 4233 u
1148 4183 1174 4234 D
