2917 4734
115 361 247 428 sesa]
465 331 866 418 suasurunnrmr.
1021 391 1029 407 ·
1136 346 1225 423 not

118 505 196 566 tium
209 511 235 567 :⁸
266 503 381 585 pulum
402 505 577 592 severitas,
597 525 641 570 ao
667 507 796 590 saepius
819 510 996 592 superbia:
1028 513 1110 578 nihil
1131 514 1223 580 domi

117 604 334 689 impudicum,
350 606 416 669 nisi
432 605 663 673 dominationi³
677 609 860 692 expediret.
909 610 1043 695 Cupido
1067 617 1137 678 auri
1161 618 1224 680 im*

116 725 230 769 mensa
242 707 412 770 obtentum
428 709 583 788 habebat,
595 711 694 792 quasi
709 712 892 776 subsidium
909 712 1025 796 Regno
1040 723 1222 797 pararetur.

158 807 191 872 8.
216 807 284 872 Dic
298 806 498 891 nuptiarum*
522 809 656 875 Silanus
672 811 736 876 sibi
757 817 895 878 mortem
917 815 1118 882 conscivitzt
1151 819 1224 883 sive

110 986 190 1046 lm
200 995 271 1052 atque
281 989 439 1052 tupcteatta:
461 984 565 1040 oiisil'ia
583 992 707 1054 penatibus
723 994 828 1042 heuto
842 999 885 1044 m
903 995 1018 1059 rm
1027 997 1075 1046 33,-
1097 999 1103 1009 ·

115 1053 732 1180 omno
746 1058 1086 1124 nmmum
1153 1062 1225 1112 u-

146 1182 198 1229 Die
209 1183 313 1244 conjugii
323 1152 479 1231 Sttmsr'riti
490 1197 567 1232 aereas
578 1184 676 1233 intulit:
698 1185 749 1234 siae
757 1199 784 1234 ee
793 1199 864 1250 sapae
873 1188 966 1238 msesdi
973 1203 1038 1252 apest
1046 1195 1226 1256 prorogaverat,

616 1351 721 1403 NO'l'AE

114 1491 157 1542 pe,
167 1491 201 1528 ex
214 1485 290 1542 parte
301 1479 501 1543 dominantium
528 1481 649 1530 addictum
688 1479 808 1531 Antonius
818 1484 903 1532 barcis
921 1483 984 1532 talia
1000 1483 1104 1532 cimelia
1114 1497 1226 1548 excepe-

114 1563 203 1604 sotera
214 1554 268 1604 dici
286 1563 375 1620 posset
393 1570 427 1605 cx
445 1563 519 1620 parte
537 1557 649 1606 rervicn-
688 1565 757 1607 rant.
790 1560 833 1608 Sic
851 1560 991 1610 Narcissus
1016 1560 1131 1610 claudias
1148 1574 1225 1611 voca·

112 1629 188 1680 tiara.
689 1632 887 1696 batar,noroiae
898 1636 1062 1700 patronisui.
1090 1637 1224 1700 Callistus,

145 1705 293 1766 sarnum,
305 1709 345 1770 du.
356 1708 491 1771 ιοιιίιιιιιι]
508 1708 648 1772 imperinm
690 1708 720 1758 C.
731 1710 819 1771 datius,
833 1711 923 1760 eadem
935 1712 1004 1761 t'orte
1016 1725 1101 1761 crasa.

112 1789 141 1832 et
151 1784 288 1832 servitium
300 1784 451 1834 relationem
463 1786 603 1836 babentrsi
613 1789 648 1838 via
721 1784 794 1835 ¹Die
810 1788 958 1850 septimun]
990 1786 1224 1838 SicSuetclsud.

112 1858 170 1918 rite,
190 1859 213 1906 si
232 1857 374 1910 adductum
393 1866 419 1909 et
437 1861 547 1924 rigidum
558 1863 592 1912 sit
602 1863 648 1912 inr-
689 1863 729 1909 29.
756 1861 876 1909 ‘Silanus
897 1861 1021 1911 abdicare
1045 1877 1073 1910 se
1100 1870 1225 1926 praetura,

113 1934 225 1996 perium,
240 1934 279 1983 ita
290 1943 317 1982 et
329 1935 479 1984 servitium:
506 1938 525 1985 si
542 1938 649 1987 remissa
690 1939 751 1984 autc
770 1943 891 1998 quartum
908 1937 971 1985 Kal.
982 1936 1128 1997 lanuarias,
1146 1937 1225 1986 mori·

113 2009 237 2074 mitisque
248 2009 399 2072 dominatio,
410 2011 448 2060 ita
459 2011 609 2076 obsequium
621 2019 649 2064 et
689 2025 740 2076 que
750 2011 824 2061 initio
834 2011 894 2061 anai
904 2021 1019 2073 coactas,
1028 2011 1072 2062 dic
1084 2011 1140 2076 ipso
1148 2013 1225 2062 Cisa-

113 2085 251 2150 patieutia.
689 2085 726 2135 dii
738 2092 766 2135 ct
774 2085 927 2151 Agrippina
939 2087 1104 2150 nuptiarum:
1117 2087 1144 2136 in
1153 2088 1228 2152 qnin-

145 2169 159 2204 t
175 2161 318 2225 Suudbtm]
349 2163 477 2226 imperium
488 2169 516 2212 ct
526 2165 650 2214 nouitium
689 2175 740 2226 que
756 2170 784 2212 et
803 2163 911 2225 triginta
922 2169 1065 2224 senatores,
1075 2166 1125 2211 erc.
1143 2164 1225 2212 anim·

113 2237 321 2301 reciprocautnr.
354 2239 416 2289 Fuit
432 2242 560 2289 addetum
576 2243 649 2290 urai·
688 2237 844 2287 adeersum?
876 2239 1093 2302 Siciuterpungit
1110 2237 1224 2300 Lipsius.

112 2313 252 2361 tisniliud
263 2313 288 2360 in
299 2313 480 2362 obedientibus
498 2321 526 2365 et
543 2315 649 2363 inservi·
690 2313 727 2363 At
744 2320 818 2363 certe
829 2320 912 2378 patct
930 2329 964 2362 cx
982 2315 1092 2376 Seneca,
1111 2315 1223 2377 priscam

112 2385 305 2450 entibus‚qaad
316 2387 384 2437 idem
393 2391 519 2437 maestus
527 2389 650 2452 baperiusi
689 2388 924 2453 interpunctionem
943 2405 1092 2452 germanam
1111 2398 1245 2454 cesset*

112 2459 174 2525 fuit,
185 2463 213 2511 in
225 2463 371 2526 inperante
381 2464 474 2513 stricta
490 2465 551 2526 jure
568 2463 650 2513 foemi·
689 2463 808 2514 becuns
821 2470 911 2514 tenore
922 2460 1047 2527 legenda

113 2551 155 2588 ua.
190 2537 317 2588 Attamen
336 2540 418 2602 possit
436 2539 479 2589 bic
498 2539 549 2589 dici
570 2541 650 2589 addir-
718 2539 766 2588 'Sic
777 2541 846 2588 euim
862 2541 900 2588 sit
920 2539 953 2588 de
970 2541 1081 2589 Claudio
1092 2541 1118 2588 iu
1131 2539 1225 2590 Ludo:

114 2619 176 2674 tan,
188 2615 383 2678 qaiaseraitians
400 2617 503 2679 agitnr3
528 2623 555 2665 ct
575 2615 651 2675 iufra,
689 2617 740 2665 ‘ut
757 2617 846 2664 Romae
869 2615 1017 2678 nuptiarum
1037 2630 1110 2665 sacra
1127 2623 1226 2680 essem,

115 2690 157 2738 ubi
169 2689 204 2740 de
215 2691 389 2753 Gctbonibns,
406 2693 457 2755 legi
476 2698 564 2754 posset
581 2693 651 2754 posia
688 2692 782 2756 quibas
801 2692 866 2754 ipse,
883 2705 942 2740 cum
958 2692 1009 2748 sibi
1020 2691 1167 2756 Agrippino
1177 2706 1225 2742 nu·

113 2767 240 2816 adductius
251 2773 396 2829 munstar:
420 2767 480 2832 quia
497 2767 530 2816 dc
541 2767 649 2830 imperio
690 2767 774 2829 beret,
790 2768 899 2832 triginta
917 2767 1087 2832 senatoribus,
1103 2775 1132 2818 et
1150 2769 1226 2820 inust-

114 2842 213 2904 agitur,
232 2842 301 2907 quad
321 2852 365 2894 ant
376 2844 491 2893 severius
504 2849 549 2892 aut
561 2843 650 2891 remis·
689 2844 768 2892 meris
779 2843 911 2908 equitibus
922 2845 1052 2907 mactatis,
1069 2843 1224 2908 principium

115 2918 169 2966 sins
190 2923 241 2967 est.
285 2919 336 2967 Sed
357 2933 445 2983 parum
465 2917 563 2979 refert3
591 2933 650 2967 nans
689 2913 781 2968 beart!

113 2993 234 3044 addidisse
240 2999 379 3058 maius,
388 2995 457 3044 idem
469 3000 518 3057 est,
529 3009 559 3044 ae
570 2996 650 3043 addir-
723 2995 802 3044 Forte
819 3009 869 3044 non
887 3011 919 3044 eo
930 2995 997 3060 ipso
1008 2997 1052 3046 die
1063 2998 1170 3047 mactati
1184 3004 1226 3048 tat

113 3068 163 3116 tias
189 3070 324 3119 serviunt:
357 3078 469 3135 utroque
490 3072 549 3121 laco
572 3071 652 3133 magis
690 3070 802 3120 illustres
822 3073 882 3133 uiri,
903 3071 949 3120 sad
973 3074 1044 3129 cipca
1066 3073 1225 3138 principium

114 3147 224 3208 placeat
233 3147 360 3207 audatius,
372 3153 400 3196 et
409 3146 537 3196 amotam
691 3146 781 3194 tetiu-
792 3147 950 3211 nuptiarum.

148 3219 238 3270 tnui
250 3222 414 3286 renuntiant]
445 3220 653 3285 inretitgttpra‘·
724 3221 881 3285 Nuptimasn]
903 3222 980 3270 Anno
992 3221 1157 3284 Olympiadis
1167 3227 1226 3274 207.

114 3297 195 3360 cipue
204 3297 358 3346 adulterium
367 3297 516 3361 Agrippina
526 3311 585 3346 eum
595 3297 652 3346 Pai-
692 3299 780 3347 Romae
792 3296 904 3346 condita·
916 3301 973 3346 sos.
995 3297 1060 3347 Jcsu
1071 3297 1165 3346 Christi
1184 3302 1226 3348 tu.

116 3374 198 3434 iarrte,
221 3387 272 3438 qno
294 3371 363 3422 sorte
385 3373 481 3421 meruit
506 3371 653 3436 Agrippina
692 3371 795 3436 imperii
805 3372 907 3421 Claudii
923 3377 949 3422 9.
982 3371 1051 3422 Vide
1062 3381 1136 3431 notas
1155 3373 1172 3422 i.
1184 3389 1225 3425 xr.

115 3450 223 3513 nuptias
236 3449 367 3512 principis.
392 3449 420 3498 Is
432 3449 540 3498 libertus
550 3449 652 3499 Claudii
691 3453 767 3500 cdd.
802 3448 923 3497 litasse

117 3523 651 3588 tantasuperbiafuit,utnequidemrc·
714 3523 733 3577 ‚i
754 3525 809 3574 stoi
827 3516 925 3575 emen
943 3525 1068 3588 mestus]
1101 3527 1182 3586 Patet
1192 3534 1226 3574 etr

117 3615 175 3650 cem
201 3601 312 3650 sociaret
335 3614 394 3649 curu
415 3600 515 3649 libertis
541 3601 602 3663 sais,
622 3609 652 3650 ut
692 3601 777 3651 verbis
805 3602 922 3662 Seneca,
950 3615 1000 3651 non
1028 3601 1109 3650 fuisse
1137 3601 1225 3665 crpite

116 3679 205 3726 omnia
216 3678 318 3740 scripto
327 3677 470 3727 nraudsret.
503 3678 531 3727 ls
547 3679 600 3740 regi
613 3685 652 3728 rc·
690 3677 841 3726 damnatum
857 3677 972 3726 Silanun
984 3692 999 3724 a
1011 3677 1129 3738 Claudio,
1147 3683 1194 3727 snt
1210 3682 1227 3726 t

114 3767 178 3814 gum
189 3752 348 3818 imperabat,
360 3767 411 3802 nou
430 3753 485 3804 siue
504 3751 653 3819 iastupius-
691 3753 796 3802 Senatu.
828 3753 928 3802 Seneca
937 3753 971 3801 dc
981 3753 1106 3802 Claudio:
1119 3757 1127 3781 ⁸
1138 3754 1227 3804 Quan-

118 3841 193 3891 quam
205 3829 288 3892 regio.
692 3835 746 3876 tum
757 3827 862 3891 quidem
878 3828 905 3876 in
922 3828 980 3891 ipso
999 3825 1059 3888 fuit,
1075 3825 1224 3876 dsumstunt

150 3905 188 3954 Ut
199 3912 274 3968 puto,
286 3902 371 3954 fueret
381 3905 423 3954 iric
434 3906 495 3954 olim
505 3905 573 3955 inter
583 3921 652 3956 man·
692 3903 784 3952 incesti
795 3905 824 3952 L.
834 3904 949 3953 Silanum
961 3915 1084 3965 generum
1096 3915 1170 3952 suum
1182 3917 1226 3952 cc·

119 3979 186 4042 cipis
202 3979 328 4030 insonte
346 3981 467 4030 minoris:
492 3995 550 4030 uam
569 3981 652 4032 frater
691 3977 771 4029 sidtu

119 4055 173 4119 ejas
184 4057 389 4107 uetixsatostas
405 4059 442 4106 sic
460 4071 508 4122 pro
526 4073 598 4108 mora
611 4072 652 4110 vo-
724 4053 810 4116 lgitur
829 4069 887 4104 enm
906 4061 1007 4104 tautum
1026 4053 1226 4105 &caldonius-

118 4131 225 4182 sabatur
245 4133 353 4182 nomiae
374 4139 492 4196 patronas
514 4149 577 4186 sure.
614 4135 652 4187 At
691 4130 740 4190 vii,
761 4144 811 4180 uec
839 4130 945 4192 proprie
966 4128 1064 4178 occidit
1087 4129 1226 4182 ctauaiasz

118 4207 249 4275 Claudius,
263 4223 312 4260 seu
328 4208 653 4279 Caligula,i'orteutcrqua
691 4219 742 4255 nee
760 4205 869 4256 Claudio
887 4203 1047 4270 pepercisset
1065 4205 1180 4272 Sensum
1199 4208 1227 4258 ia
