2917 4734
411 708 471 798 C.
522 703 860 796 CORNELII
910 697 1138 791 TACITI

752 954 801 1001 AB

448 1136 692 1215 excessu
719 1132 840 1210 u1v1
867 1129 1110 1208 sucossi

319 1367 380 1480 A
437 1363 505 1480 N
564 1363 634 1480 N
690 1367 752 1479 A
812 1367 870 1480 L
928 1365 965 1480 I
1027 1362 1095 1478 U
1156 1363 1236 1477 M

478 1641 645 1718 LIBER
686 1641 1067 1720 DUODECIMUS·

647 1897 897 1910 -———

535 2121 849 2191 BREVIARIUM
873 2121 1021 2236 LIRRI.

277 2272 367 2338 Cre.
381 2275 413 2337 1.
428 2273 461 2338 2.
470 2273 632 2340 Claudius
643 2274 685 2340 de
695 2275 904 2342 matrimonio
913 2293 990 2339 eum
1004 2271 1130 2338 libertis
1141 2269 1316 2334 deliberat.

234 2374 267 2439 3.
288 2373 486 2459 Agrippina,
509 2375 834 2442 Germaniei'fratris
862 2376 937 2460 eJus
959 2375 1042 2452 filia,
1069 2373 1146 2437 aliis
1167 2371 1318 2455 praelata.

235 2475 275 2540 t..
295 2476 419 2554 Silano,
435 2477 491 2542 cui
511 2477 683 2562 desponsa
707 2476 864 2555 Octavia,
879 2475 1021 2541 insidias
1040 2475 1145 2551 struit,
1166 2475 1198 2536 4.
1214 2470 1317 2535 admi·

234 2579 339 2643 nistro
353 2577 503 2657 Vitellio,
514 2581 611 2645 5-7.
633 2581 731 2664 cujus
754 2576 1025 2643 artibus-inducti
1038 2575 1185 2640 Senatus
1204 2571 1318 2655 Popu-

233 2678 353 2760 iusque
365 2678 507 2742 infames
529 2681 663 2762 nuptias
682 2679 835 2762 probant.
878 2679 909 2743 8.
933 2678 1067 2748 Silanus
1090 2683 1230 2740 mortem
1254 2674 1318 2738 sibi

234 2779 423 2843 consciscit.
450 2778 579 2844 Seneca
593 2779 637 2844 ab
652 2780 757 2845 exilio
770 2781 876 2845 redux
889 2778 1009 2844 studiis
1025 2779 1168 2844 Neronis
1182 2782 1318 2861 praeest,

234 2879 265 2944 9.
282 2899 322 2944 cu
350 2878 577 2962 despondetur
590 2879 744 2945 Octavia.

278 2981 330 3044 10.
353 2979 467 3046 Parthi
484 2978 612 3063 Regem
628 2979 739 3045 Roma
753 2987 873 3065 petunt
887 2978 1128 3056 Meherdatem,
1143 2977 1196 3041 11.
1207 2994 1317 3059 quem,

234 3081 374 3146 missum
397 3079 591 3159 aclaudio,
617 3081 756 3146 Cassius
783 3083 817 3146 in
840 3082 993 3164 Regnum
1022 3081 1145 3145 ducere
1167 3084 1318 3143 conatur.

234 3183 286 3248 12.
309 3181 432 3248 Obstat
452 3182 541 3247 fraus
563 3181 686 3265 Abgari
702 3192 737 3248 et
752 3183 805 3246 13.
819 3181 933 3246 isatis.
977 3182 1029 3245 14.
1051 3179 1172 3244 Victus
1189 3177 1317 3242 Meher-

233 3283 329 3349 dates
343 3283 482 3350 Gotarzi
493 3283 641 3349 traditur.
673 3283 754 3347 Hoc
771 3291 900 3347 mortuo
916 3281 1071 3364 Regnum
1083 3281 1117 3344 in
1131 3277 1318 3352 Vononem,

234 3384 312 3448 dein
327 3383 527 3466 Vologesem
544 3383 747 3448 transfertur.
773 3377 1036 3460 refutandae,
1048 3381 1201 3462 Regnum
1216 3378 1320 3444 Ponti

235 3485 416 3567 reciperare
439 3485 525 3561 niso,
550 3483 693 3547 Romani
724 3485 884 3549 resistunt
909 3491 943 3547 et
966 3483 1071 3568 Cotys
1094 3491 1130 3547 et
1155 3480 1318 3547 Eunones.

235 3585 286 3650 16.
308 3582 403 3668 Uspe
432 3585 512 3648 urbe
536 3593 649 3666 capta,
672 3585 726 3649 17.
748 3584 903 3649 Zorsines
928 3584 1049 3649 deserit
1079 3583 1319 3653 Mithridatem,

235 3688 302 3772 qui,
328 3685 381 3751 18.
403 3685 550 3769 supplex
578 3685 720 3764 Eunoni,
749 3687 887 3752 19-21.
925 3707 986 3770 per
1012 3707 1088 3750 eum
1112 3705 1133 3748 a
1164 3684 1320 3770 Principe

234 3777 546 3892 veniam-ittipetrat,
569 3786 778 3872 Romamque
794 3791 994 3873 perducitur.

276 3891 331 3956 22.
348 3871 544 3977 Agrippinen
548 3891 682 3974 agtipus
699 3890 807 3955 Lollia
820 3891 940 3954 cedere
956 3888 1061 3953 116116
1074 3888 1222 3972 jubetur,
1241 3883 1319 3948 661-

235 3993 352 4077 pumia
386 3981 849 4088 6666111ιηῖ62316616116
878 4011 944 4072 aug
945 3990 1072 4054 uriom.
1113 3985 1318 4052 Pomoerium

235 4093 338 4158 Urbis
347 4091 535 4204 prolatum
543 4076 823 4233 6461616666
841 4090 1047 4176 protnlerint.
