2917 4734
136 319 161 369 s.
172 319 202 370 c.
213 294 281 382 ss.1'
489 313 696 364 artusartus
720 317 796 368 usu.
819 315 891 366 xrs.
1150 277 1248 370 1359'

634 499 743 551 NO'PAE

134 611 211 661 faisse
228 609 361 660 Asinaios
379 611 540 673 mmet
559 609 597 659 sic
608 625 665 659 easn
706 610 964 676 Germanicusiillns,
976 615 1019 679 qni
1033 613 1145 665 virtutes
1157 615 1237 680 ipsius

135 688 229 752 abique
240 693 318 736 vocat
328 688 431 750 passim,
441 692 469 735 et
480 686 506 735 iu
518 687 576 750 ipso
588 692 666 736 stem·
707 703 806 749 omues,
826 691 905 739 voluti
925 697 1018 739 natura
1033 691 1115 740 bseres
1127 704 1237 741 susumus

134 762 336 826 snateAugosti.
412 784 415 791 ’
708 765 990 831 atberos,exceperst.
1076 801 1078 806 .

165 837 216 887 Sed
236 846 324 886 tamen
342 851 429 901 opere
452 837 563 901 pretinm
586 836 667 888 inerit
740 841 804 892 Quae
823 841 898 892 dotes
916 843 1027 892 maxime
1047 842 1238 892 conveniebant

135 913 293 975 expendere,
312 927 362 976 qna
380 918 471 975 etate,
490 927 541 978 qua
556 915 668 962 necessi·
707 915 820 966 Antonio
843 919 939 978 minori,
959 917 1051 982 quibus
1077 919 1134 982 ipsa
1161 918 1240 983 digna

135 995 198 1050 tate,
208 995 237 1038 et
247 1003 300 1053 qua
314 1003 392 1038 cansa
410 991 537 1052 nupserit,
556 1005 601 1039 seu
621 1005 667 1054 pn·
707 999 775 1054 erat,
787 993 846 1057 qula
857 993 913 1042 illas
929 993 987 1058 ipsa
1000 993 1160 1058 possidebat,
1178 995 1240 1059 quia

134 1065 196 1124 tias,
212 1065 310 1114 nubere
322 1071 414 1114 coacta
430 1067 475 1128 sit,
486 1067 600 1115 Antonia
610 1069 666 1116 Do·
706 1068 804 1117 virtute
827 1069 958 1118 eminebat
979 1069 1043 1132 ipsa,
1066 1069 1090 1118 in
1114 1075 1238 1134 qnantum

133 1140 208 1203 asitii,
217 1155 276 1204 quae
287 1142 360 1203 prior
370 1141 466 1204 nupsit.
708 1142 788 1191 sirius
808 1143 934 1207 nequioris
953 1143 1028 1207 bujus
1039 1159 1115 1192 sexus
1127 1143 1239 1209 intelligi

147 1243 153 1254 ·
165 1215 260 1277 ltaque
271 1214 304 1263 de
315 1215 373 1277 ejus
382 1216 546 1265 matrimonio
555 1217 592 1266 sic
603 1215 667 1280 Dio,
707 1223 804 1279 potest.

133 1291 240 1340 1.qu
259 1290 293 1340 ad
310 1303 406 1339 annum
426 1295 486 1342 717.
503 1293 548 1342 nbi
564 1293 598 1342 de
613 1292 666 1342 An·
741 1291 817 1341 lianc
846 1293 979 1356 praecipue
1002 1293 1091 1342 laudat
1118 1292 1238 1344 Valerius?

134 1371 213 1429 gluto
230 1373 259 1414 et
278 1365 393 1415 Antonio
412 1367 563 1417 'l'riumvima
581 1371 614 1419 R.
634 1371 665 1420 C.
706 1367 779 1416 Max.
797 1381 835 1416 tv.
847 1371 872 1416 Β.
889 1365 1022 1416 ‘Antonia
1038 1382 1139 1432 qnoque
1156 1367 1240 1418 femi*-

130 1439 263 1505 lequitar:
280 1443 412 1506 ‘Quoque
424 1443 541 1505 pluribus
555 1446 667 1494 necessi·
706 1456 742 1490 ua
752 1441 870 1491 laudibus
883 1442 981 1491 virilem
998 1441 1102 1492 familiae
1119 1457 1171 1492 ann
1189 1445 1241 1495 cla·

133 1515 252 1566 whom
263 1517 373 1564 vinculis
380 1517 565 1581 obligarentur,
577 1520 667 1570 Cesar
706 1517 811 1566 ritatem
833 1531 1010 1582 supergressa,
1020 1533 1134 1568 amorem
1152 1521 1240 1572 mariti

134 1589 260 1640 Autltnilo
279 1591 388 1640 Antonii
405 1589 459 1641 tillo
484 1592 563 1642 tiliam
586 1609 667 1659 snam,
706 1597 814 1658 egregia
824 1594 876 1645 fide
889 1597 1024 1660 pensavit3
1042 1612 1099 1661 quoe
1112 1605 1171 1661 post
1183 1599 1239 1663 ejus

134 1675 270 1718 accontra
280 1666 410 1717 Antonius
427 1667 666 1720 snamexOctavia
706 1685 849 1733 excessum,
869 1671 953 1722 iornsa
979 1682 1007 1723 et
1028 1680 1107 1723 setate
1134 1672 1240 1739 florens,

133 1740 212 1791 aum
231 1741 362 1805 Domitio,
384 1756 531 1807 quanquam
550 1744 571 1792 is
589 1751 665 1795 etex
706 1746 852 1796 cubiculum
875 1763 964 1797 socrus
986 1749 1080 1812 (Liviae
1101 1747 1239 1816 Auguste)

134 1820 331 1883 percussoribus
342 1821 452 1870 Cesaris
467 1837 533 1870 nnus
544 1829 622 1885 esset,
638 1830 666 1873 et
706 1835 754 1882 pro
774 1821 893 1883 conjugio
910 1821 1016 1881 habuit;
1037 1823 1063 1870 in
1075 1823 1168 1872 eodem
1181 1831 1240 1873 toro

133 1897 297 1960 proscriptus
308 1894 411 1957 inisset,
422 1897 634 1960 desponderunt)
708 1897 813 1944 alterius
825 1896 1008 1945 adolescentiae
1023 1897 1098 1959 vigor
1109 1898 1240 1947 extinctus

164 1973 252 2022 iitsic
262 1972 452 2021 matrimonium
466 1973 532 2022 illud
545 1971 597 2024 fnit
614 1975 667 2023 vel·
708 1976 758 2034 est,
792 1971 898 2020 alterius
921 1971 1054 2022 uiduitatis
1076 1973 1241 2035 experientia

133 2047 171 2098 ati
193 2048 326 2096 uinculum
345 2045 450 2096 teneris
477 2047 546 2096 inter
566 2049 667 2097 Trium·
707 2047 859 2097 consenuit!
892 2049 935 2097 Sic
957 2054 985 2096 et
1004 2047 1159 2097 Plutarchus
1181 2063 1240 2099 eam

132 2123 201 2173 siros
211 2122 381 2187 fautoresque
395 2123 498 2172 illorum
518 2125 585 2186 initi,
597 2126 667 2175 inter
707 2132 785 2174 vocat
797 2123 934 2190 σωφροσύνῃ
945 2123 984 2173 sul
994 2122 1079 2173 κάλλει
1089 2123 1239 2188 περιβόητον

133 2199 203 2250 belia
221 2200 317 2250 civilia.
359 2199 456 2263 Sioqae
475 2201 502 2249 in
530 2201 558 2250 id
586 2201 666 2267 deligi
706 2210 764 2261 quse
777 2201 977 2248 conconvenire
990 2199 1240 2252 videntnrAntonias

133 2277 221 2340 puella
242 2275 342 2337 debuit,
362 2291 420 2340 quse
446 2276 571 2326 maturior
593 2278 665 2328 armis
707 2272 829 2335 Domitii,
840 2288 899 2337 quse
910 2273 999 2335 ignota
1008 2286 1113 2335 prorsus
1121 2275 1148 2323 in
1160 2275 1240 2328 biatu.

134 2360 213 2415 esset,
223 2357 253 2401 et
262 2358 328 2402 natu
338 2353 429 2416 major.
706 2349 747 2398 ria
758 2349 937 2399 videturesse.

165 2429 315 2478 Necessitas
325 2429 426 2493 aderet,
436 2433 464 2479 et
477 2435 607 2493 preterea
617 2430 665 2479 eti·
740 2425 793 2474 llic
811 2431 839 2473 et
858 2423 975 2487 adjicere
992 2439 1134 2487 possumus,
1153 2427 1240 2490 couju-

134 2505 383 2554 aasordonsseendi
399 2505 667 2555 etserecnndiaoeta-
707 2501 776 2566 giam
788 2501 898 2551 Domitii
912 2500 1076 2564 praecessisse
1092 2501 1179 2550 multis
1195 2515 1240 2552 an·

133 2581 294 2642 tis'speetari
306 2582 439 2645 precipue
456 2581 548 2631 debuit
562 2582 666 2646 innup-
705 2579 747 2627 nis
764 2577 955 2628 matrimonium
976 2576 1075 2627 Drusi:
1104 2577 1191 2641 sicque
1212 2585 1241 2630 et

133 2657 247 2719 tiisiliis,
262 2665 291 2706 et
302 2658 329 2706 in
346 2657 547 2720 reconciliandis
558 2659 665 2720 animls;
706 2655 766 2704 exin
787 2654 897 2714 umorem
916 2655 1000 2718 ipsum
1020 2659 1082 2702 natu
1100 2653 1240 2705 Antoniana

133 2731 170 2782 ita
179 2734 346 2782 ntuubereut
357 2733 450 2797 puellae
458 2734 549 2784 ordine
557 2741 666 2798 nature,
706 2731 811 2780 duxisse
825 2743 940 2790 tuorem,
951 2728 1048 2779 inferre
1065 2729 1135 2780 licet.
1162 2729 1238 2781 Anno

134 2821 181 2858 sen
197 2823 246 2873 pro
264 2810 355 2858 ordine
370 2811 508 2870 nascendi;
526 2812 666 2861 necsolura
705 2812 764 2857 ssa.
777 2809 806 2858 L
826 2807 957 2856 Domitius
976 2804 1074 2856 Cutil.
1093 2807 1143 2856 Cn.
1159 2819 1240 2871 nepos

132 2885 667 2951 mecnndia,sedetiausdiguitasoetatis,
705 2883 868 2934 AEnobarbus
890 2884 1050 2933 consulatum
1069 2883 1170 2933 babuit.
1203 2885 1241 2935 Et

134 2961 248 3025 spectari
269 2962 364 3024 potnit,
384 2970 413 3012 et
430 2961 522 3012 debuit
543 2977 576 3013 eo
597 2979 666 3028 casu,
706 2960 809 3010 Drusus
819 2967 1024 3024 prastorcreatns
1034 2966 1075 3009 est
1085 2972 1152 3009 anno
1162 2963 1239 3010 tta:

134 3050 186 3101 qna
205 3035 319 3087 affinitas
344 3037 390 3086 ilia
416 3038 498 3101 magis
526 3040 666 3102 conspicua
706 3038 750 3102 qni
761 3037 910 3100 tamenjans
922 3045 983 3086 aute
995 3037 1119 3100 pretoria
1130 3037 1241 3100 insignia

133 3121 213 3164 esset.
706 3113 867 3174 obtinuerat,
876 3119 904 3160 et
913 3112 1017 3161 tundens
1032 3127 1099 3160 anno
1109 3115 1167 3162 tta.
1179 3127 1240 3162 con·

147 3213 151 3222 ·
165 3189 270 3240 Addam
279 3197 317 3254 et,
325 3196 412 3240 amota
420 3191 587 3255 necessitate,
597 3193 667 3255 puel·
706 3188 819 3236 sulatum
829 3185 983 3250 adipiseitur
994 3189 1104 3236 Drusus.

132 3265 182 3315 lans
199 3267 289 3328 istam,
301 3281 359 3330 qne
375 3268 510 3331 prneipsse
526 3265 619 3330 forma,
631 3268 667 3316 in·
722 3281 726 3294 ¹
741 3264 818 3313 Unde
829 3263 959 3328 conjicere
976 3272 1025 3326 est,
1037 3269 1065 3311 nt
1075 3264 1184 3313 bonores
1196 3263 1241 3315 ob:

133 3340 219 3403 ‘enisu
230 3355 262 3390 ac
273 3341 373 3390 virtute
385 3343 560 3405 precelleret,
570 3343 627 3392 dari
638 3349 667 3393 et
707 3339 786 3389 tinnit
796 3339 878 3389 aerius
890 3339 1014 3401 Domitio,
1025 3341 1062 3389 ita
1070 3345 1098 3389 et
1108 3340 1240 3392 matrimo-

133 3416 206 3480 seligi
227 3415 350 3464 debuisse
369 3417 468 3476 Druso,
492 3417 535 3480 qni
557 3417 666 3468 virtutes
707 3417 751 3466 uio
764 3415 885 3466 Antoniae
906 3417 1036 3481 posterius
1050 3426 1169 3468 evectum
1181 3433 1239 3470 esse

133 3499 362 3557 artesque-omues
378 3490 440 3540 belli
457 3505 488 3541 ac
500 3492 573 3555 pacis
590 3507 666 3543 occu-
705 3495 837 3554 Drnsnsu;
852 3492 940 3556 sicque
952 3493 1023 3542 illurn
1036 3501 1116 3544 oetate
1127 3495 1240 3545 mimos

132 3567 273 3630 pant,qni
292 3572 320 3616 et
339 3566 398 3628 ipse
416 3579 488 3615 aanor
505 3565 557 3616 i'nit
576 3570 666 3631 popuii
707 3569 826 3620 Octaviae
847 3567 926 3618 filiam
944 3569 1049 3617 duxisse
1062 3583 1174 3617 ursosern
1187 3583 1240 3620 uon

133 3641 253 3704 Romani,
272 3642 318 3706 qni
335 3640 405 3690 iilius
433 3642 512 3692 Lisia
532 3643 668 3707 Augustae,
707 3643 861 3705 Domitium,
874 3645 916 3709 qui
936 3651 997 3693 natu
1013 3645 1143 3708 grandior,
1154 3651 1181 3693 et
1193 3647 1239 3709 qui

132 3719 247 3782 qalipse
266 3719 446 3783 privignum
463 3720 667 3784 omorsiugosti,
706 3723 788 3770 multo
815 3727 876 3770 aute
911 3721 1022 3770 bonores
1047 3721 1238 3784 dignitatesque

133 3795 176 3860 qul
185 3795 255 3845 forse
267 3803 413 3858 conceptus
424 3810 458 3845 ex
468 3796 534 3859 ipso,
545 3805 574 3845 et
585 3801 628 3861 qni
639 3799 666 3848 in
706 3795 816 3860 adeptus
827 3803 906 3846 esset.
921 3825 924 3834 ·

130 3871 272 3934 uentibus
294 3870 445 3934 Augustaeis
462 3879 539 3922 natus
556 3880 622 3935 erat,
638 3881 667 3926 et
739 3872 776 3922 At
787 3881 869 3935 certe,
888 3881 917 3921 ut
936 3873 1047 3937 ingenue
1065 3873 1157 3931 fatear,
1168 3885 1239 3935 qun·

132 3947 241 4012 qnijam
250 3948 363 3999 caritate
381 3954 409 3997 et
423 3948 551 4010 dignitate
569 3949 667 4012 Caeam,
707 3951 767 3999 dam
786 3957 846 4000 sunt
866 3951 891 3998 in
907 3951 1026 4012 historia,
1040 3959 1068 3999 nt
1089 3956 1161 4010 puto,
1178 3963 1237 4012 quas

131 4029 179 4073 ant
187 4023 273 4073 instar
282 4023 394 4072 Goesarls
404 4029 484 4085 esset,
495 4025 597 4088 qualem
611 4024 667 4075 Cae-
703 4026 760 4089 jaus
768 4024 1238 4089 incognita,antcontroversiaeerant,

130 4111 216 4146 sareas
236 4105 267 4147 et
289 4111 467 4149 successorem
492 4100 541 4151 sibl
564 4103 668 4166 oondt
707 4114 763 4149 seso
774 4101 819 4149 illo
830 4099 953 4161 Cornelii,
962 4104 990 4147 et
1000 4097 1069 4146 forte
1080 4097 1236 4150 multiaants

130 4187 205 4240 susc
233 4176 384 4243 anensem
421 4177 506 4242 qualis
529 4176 583 4230 isit
606 4195 667 4231 usna
707 4169 866 4229 annis'iusar
885 4182 1017 4228 suctores:
1034 4173 1102 4226 forte
1117 4174 1237 4246 quiana
