2917 4734
227 312 313 380 125⁴
583 334 615 383 c.
639 332 821 383 couuanu
843 336 973 384 Tacl'rt
1160 342 1328 407 [auen.

719 504 830 558 NOTAE

228 611 318 677 inqua
338 619 394 664 crat
404 630 509 679 perpura
525 624 636 681 attexta,
652 635 696 669 seu
708 622 757 669 cir·
796 619 957 671 niebautsex
968 622 1099 672 coronati:
1116 620 1219 673 alciora
1227 620 1327 671 factum

227 694 368 739 cumtexta.
400 691 478 741 Unde
487 708 577 741 nomen
588 694 679 743 babuit
693 711 756 759 proe-
795 694 822 742 in
833 696 977 745 Cesaribus
987 712 1032 747 seu
1052 697 1111 749 filiis
1122 699 1279 763 principum,
1298 704 1330 746 et

227 767 304 813 terta
346 765 414 815 Hinc
440 774 468 816 et
493 768 659 835 περιπόρφυρος
685 774 757 822 dicta
797 783 865 819 nunc
884 772 911 820 iu
931 773 1036 820 Nerone
1056 773 1104 821 sub
1122 773 1240 823 clauus.
1273 772 1330 822 ffie

229 838 341 889 Graecis.
797 858 852 893 moa
862 846 941 894 etiarn
956 846 989 895 ad
1001 848 1115 911 privatos
1134 849 1160 897 in
1180 848 1329 912 prouincias

260 916 334 979 Toga
346 926 431 967 autern
443 920 528 984 uirilis,
540 928 594 973 tota
605 931 676 973 etex
688 926 757 974 omni
798 921 900 973 transiit
923 922 990 971 Ptin.
1006 922 1091 983 Epist.
1103 936 1131 973 ι.
1153 928 1208 973 tlt.
1241 922 1328 972 Etiam

229 997 304 1053 parte
313 994 423 1043 candida
433 1004 498 1059 erat,
509 998 630 1063 nullaque
642 1015 759 1064 purpura
797 995 918 1045 Tiberius
939 998 1101 1059 largitionem
1121 999 1248 1061 exhibuit,
1267 1012 1329 1047 tum

225 1064 276 1127 ipsi
294 1074 397 1118 attexta
406 1070 464 1131 init,
481 1074 548 1123 uude
561 1081 588 1122 et
597 1090 658 1137 paru
668 1076 758 1140 appel·
799 1080 883 1137 tegern
894 1074 993 1123 virilem
1005 1076 1103 1125 Neroni
1119 1087 1146 1126 et
1165 1078 1251 1126 Druso
1261 1076 1330 1127 Ger·

229 1139 340 1192 labatur.
797 1149 960 1200 marriciiilils
979 1150 1061 1201 daret.
1088 1153 1132 1203 Sic
1143 1153 1207 1202 Tac.
1222 1153 1240 1201 l.
1252 1167 1284 1202 rr.
1301 1158 1330 1202 et

263 1216 332 1265 Ptin.
360 1218 377 1267 l.
399 1232 460 1270 uun
486 1221 660 1275 inventionem
688 1233 758 1289 togas
798 1226 1034 1277 Suessatium.
1052 1230 1277 1278 ‘Maximosnatn
1295 1229 1330 1278 de

228 1303 300 1354 purae
311 1292 432 1344 attribuit
442 1296 593 1363 Tanaquili:
610 1301 619 1328 ⁸
631 1302 669 1351 Ea
678 1304 760 1365 prima
799 1300 949 1351 Germanici
960 1302 1018 1351 tiliis
1031 1304 1198 1353 Neronemet
1215 1304 1330 1353 Drusum

230 1368 315 1417 texuit
336 1369 427 1419 rictam
450 1372 570 1437 tunicam,
592 1378 679 1438 quales
699 1392 759 1427 cum
799 1378 870 1427 Ru
882 1379 1089 1435 commendavit:
1107 1380 1228 1443 diemque
1237 1380 1331 1429 utrim-

230 1448 291 1503 toga
303 1459 369 1506 pura
381 1448 477 1497 tirones
499 1450 637 1499 induuntur
648 1458 675 1501 et
686 1466 760 1501 nova
799 1468 851 1517 qna
870 1454 999 1514 tirocinii‚'
1025 1454 1158 1519 (intellige
1178 1454 1248 1502 diem
1278 1469 1331 1518 quo

230 1520 339 1581 nuptae!
799 1532 898 1580 uirilem
915 1536 1002 1595 togam
1024 1532 1150 1589 sumsere)
1177 1531 1334 1595 ‘congiario

262 1594 315 1644 Alii
326 1596 377 1645 alio
389 1598 441 1661 die,
451 1608 479 1651 et
490 1602 540 1651 alio
552 1603 625 1662 looo;
642 1610 669 1652 et
682 1604 760 1653 ctiam
801 1606 873 1669 plebi
885 1607 948 1655 dato
960 1606 1124 1658 celebrarit.¹

229 1666 255 1717 iu
278 1673 434 1737 municipiis,
452 1683 537 1741 togam
559 1679 659 1727 uirilem
679 1694 761 1728 sume·
833 1682 877 1731 Sic
888 1690 917 1732 et
927 1690 1015 1732 nostro
1028 1685 1077 1733 boo
1088 1685 1147 1732 loco
1158 1683 1264 1733 Taciti:
1280 1685 1335 1733 Ar-

230 1744 293 1794 batrt
303 1746 352 1810 ipsi
364 1750 458 1799 civium
467 1752 540 1803 Rom.
552 1752 607 1803 filii.
641 1755 762 1805 Siofiliua
800 1758 1241 1807 ditamnomineNeruuisdonntiorm
1251 1759 1337 1821 militi,

230 1820 362 1873 Ciceronis
382 1828 473 1875 sumsit
494 1838 578 1891 togam
599 1844 655 1879 eam
666 1836 690 1880 6.
708 1831 762 1879 Ka·
801 1834 948 1894 congiarium
971 1833 1043 1895 ptati,
1065 1834 1108 1898 urii
1138 1835 1220 1883 buuor
1247 1833 1336 1884 defuit

229 1896 299 1947 lend.
328 1898 437 1963 Aprilis,
458 1912 486 1951 et
507 1912 595 1955 narrat
615 1906 708 1955 Cicero
735 1922 763 1956 sc
803 1910 939 1972 Caligulae,
958 1915 1028 1959 metu
1040 1910 1147 1972 Tiberii,
1158 1912 1202 1975 qui
1213 1908 1338 1959 etdct‘uit

229 1972 318 2036 Arpini
338 1981 424 2037 togam
452 1992 543 2040 puram
568 1979 621 2029 filio
649 1981 762 2045 dedisse.
803 1988 911 2036 Claudio
944 1988 978 2037 ob
1011 1989 1194 2038 valetudinem.
1226 1988 1339 2038 Sueten.

230 2048 315 2111 Epist.
333 2064 375 2099 rx.
395 2058 436 2101 22.
470 2056 546 2119 ‘Ego
567 2072 623 2106 meo
644 2057 764 2107 Ciceroni
804 2062 896 2111 Claud.
912 2077 946 2112 n.
968 2064 1029 2115 ‘0b
1049 2067 1115 2113 lianc
1134 2064 1243 2113 eandem
1266 2065 1337 2113 rale-

230 2122 324 2188 (Rnuut
341 2128 468 2193 caremus)
485 2130 579 2194 Arpini
602 2134 764 2195 potissimum
804 2138 919 2189 tudinem
929 2147 956 2189 et
971 2140 1124 2203 gladiatorio
1135 2154 1253 2201 munere,
1264 2138 1337 2203 qnod

230 2202 319 2263 togam
339 2217 429 2266 puram
448 2205 518 2269 dedi,
537 2207 613 2272 idque
631 2210 765 2273 municipi·
802 2214 877 2262 umal
893 2229 951 2263 cum
970 2214 1052 2265 t'ratre
1063 2215 1337 2281 (annunciamu-

231 2274 279 2323 bus
290 2278 386 2325 uostris
397 2276 447 2327 suit
459 2282 578 2343 gratum)
611 2284 646 2333 Et
655 2284 671 2333 1.
685 2298 710 2336 v.
729 2286 762 2335 ad
803 2288 848 2337 ria».
865 2290 947 2352 patris
957 2289 1058 2355 (Dnui)
1069 2290 1175 2351 edebat,
1184 2289 1336 2353 palliolatus

232 2349 315 2401 Attio.
331 2353 408 2416 epist.
427 2359 468 2405 ²⁰.
495 2356 570 2420 ‘Ego
593 2374 651 2407 cum
670 2360 763 2409 Laodi·
803 2377 952 2414 uovomore
972 2366 1109 2427 presedit3
1127 2373 1234 2428 ettogae
1253 2363 1336 2413 virilis

230 2432 764 2499 ceamvenaro,Quintu,sororistnoefilio‚
803 2440 938 2501 die,clrca
960 2441 1072 2490 mediam
1090 2448 1202 2498 noctem,
1218 2438 1276 2489 sine
1295 2452 1338 2489 so·

232 2508 318 2566 togam
329 2519 418 2568 prtrarn
425 2506 522 2569 jubeor
533 2508 612 2572 dare,’
625 2512 673 2558 &n
798 2515 875 2563 ‘leani
893 2514 978 2565 officio
990 2516 1015 2563 in
1028 2516 1184 2578 Capitolium
1195 2516 1263 2565 latus
1276 2512 1337 2564 est!

264 2580 349 2629 Galba
368 2582 491 2631 Kalendis
512 2584 641 2635 Jauuariis
664 2586 764 2635 uirilem
836 2590 929 2639 Pueris
948 2591 1113 2653 pretextatis
1128 2592 1207 2639 semel
1223 2589 1249 2637 in
1269 2602 1339 2639 anno

232 2661 317 2717 togam
339 2659 439 2707 sumsit.
464 2660 545 2709 Cassii
565 2660 633 2709 filius
652 2666 691 2710 15.
711 2663 764 2711 Ka·
803 2665 911 2715 induere
923 2666 998 2714 licuit
1010 2671 1096 2729 togam
1114 2680 1203 2729 puram
1224 2668 1265 2713 16.
1276 2663 1339 2713 Kal.

232 2730 302 2779 lend.
315 2732 415 2780 Martii.
434 2733 565 2799 Angustus
582 2736 645 2784 inito
657 2736 765 2787 Autnm·
805 2738 890 2802 April.
909 2742 936 2789 iu
955 2740 1032 2803 festo,
1043 2755 1137 2805 nempe
1148 2739 1255 2802 Bacchi,
1267 2738 1338 2803 qnod

232 2824 274 2859 no.
292 2808 370 2861 Caius
392 2812 503 2874 Australi
516 2812 584 2861 iilius
597 2814 709 2863 Kalend.
721 2814 766 2866 Ja·
804 2815 927 2865 liberulis
937 2816 1075 2878 uocabant,
1088 2823 1119 2866 ut
1137 2816 1231 2879 majori
1242 2829 1339 2879 pompa

231 2886 325 2937 nuarii.
341 2888 496 2936 arnmodus
518 2892 560 2938 2⁷.
587 2890 630 2938 die
651 2892 764 2941 Novem·
805 2890 1011 2940 celebrarentur.
1052 2891 1130 2940 Ouid.
1148 2892 1238 2954 ‘Ergo
1257 2896 1289 2938 ut
1308 2888 1343 2939 ti·

232 2960 294 3011 bris.
805 2980 895 3014 renum
919 2965 1054 3016 celebrare
1074 2965 1223 3030 frequentia
1248 2964 1345 3028 possit,

264 3036 303 3085 Eo
315 3034 414 3102 dieque
425 3042 508 3101 togam
518 3040 619 3089 virilem
630 3042 766 3093 sumebant
805 3042 870 3090 Visa
889 3041 944 3090 dies
963 3043 1056 3091 danda
1077 3057 1127 3090 non
1145 3040 1232 3090 aliena
1250 3039 1340 3105 tegre?

231 3111 440 3177 filiiprincipuur,
459 3114 572 3166 dabatur
587 3116 657 3179 plebi
679 3120 766 3182 Cougi-
805 3116 882 3164 Unde
904 3116 983 3166 etiarn
1009 3117 1083 3165 lbere
1112 3125 1172 3181 tngo
1194 3117 1267 3166 dicta
1289 3123 1343 3168 eet.

231 3190 318 3252 uriam,
340 3188 369 3238 iis
389 3205 482 3255 nempe
507 3193 551 3256 qui
571 3190 729 3244 frumentum
749 3211 764 3246 e
806 3191 884 3243 oud
895 3194 1021 3243 Festus.
1036 3192 1117 3242 ‘Sive
1128 3193 1197 3257 quod
1209 3207 1237 3241 es
1249 3190 1342 3255 Liber,

231 3266 337 3329 publico
349 3266 520 3331 accipiebant.
805 3270 885 3317 vestis
895 3283 996 3333 quoque
1007 3268 1100 3318 Libera
1111 3283 1159 3331 per
1171 3274 1197 3317 te
1211 3268 1344 3329 Sumitur,

263 3340 307 3388 Sic
326 3354 357 3389 eo
369 3340 409 3390 die
422 3357 472 3405 quo
484 3342 560 3393 Caius
572 3342 683 3406 Augusti
695 3345 764 3395 filins
805 3352 834 3393 et
853 3345 914 3393 ritae
934 3344 1061 3393 liberioris
1077 3342 1146 3391 erit?
1178 3342 1271 3405 Itaque
1283 3342 1343 3393 libe·

232 3422 320 3477 togam
332 3414 430 3463 virilem
443 3420 541 3481 sumsit,
551 3420 710 3481 congiarium
721 3436 765 3483 po·
804 3435 857 3469 rom
876 3420 942 3468 hanc
965 3426 1052 3483 togam
1073 3418 1248 3481 appellarunt,
1268 3416 1341 3482 quod

232 3491 294 3554 pulo
306 3489 380 3539 dedit
391 3488 533 3553 Artgustus.
566 3492 764 3559 Ipseinlupide
805 3494 886 3543 nuruis
905 3494 1015 3543 honesta
1033 3491 1150 3556 libertas,
1159 3508 1218 3557 quae
1229 3492 1342 3543 aliorum

232 3564 387 3631 Aricyrano:
420 3567 637 3620 ‘Duodecimum
668 3571 764 3621 Consul
805 3572 989 3633 civiumcsset,
1005 3570 1037 3619 iis
1054 3571 1098 3635 qui
1115 3585 1172 3619 eam
1191 3570 1343 3633 induerant,

233 3642 357 3691 trecentis
379 3649 407 3691 et
429 3642 521 3706 uiginti
548 3644 660 3694 millibus
681 3647 765 3709 plebis
806 3648 1004 3698 concederetur.
1044 3645 1114 3695 Hinc
1126 3644 1233 3694 Persius
1244 3646 1300 3694 Sat.
1313 3659 1343 3695 r.

231 3717 336 3767 urbana
364 3732 507 3782 sexagenos
529 3720 648 3770 denarios
668 3722 765 3771 viritim
806 3729 846 3774 30.
871 3722 1014 3773 ‘Permisit
1033 3722 1158 3785 sparsisse
1180 3722 1268 3770 oculos
1282 3722 1343 3786 jam

232 3792 311 3842 dodi!
343 3793 399 3842 Illis
418 3802 505 3844 erstem
528 3810 543 3845 e
565 3796 642 3859 plebe
662 3799 766 3862 congia·
807 3798 1038 3849 candidusumbo!
1071 3794 1114 3846 Ad
1134 3809 1210 3861 quem
1228 3796 1266 3845 sic
1284 3797 1344 3847 ea-

231 3872 300 3921 rium
314 3871 397 3937 dedit,
408 3875 452 3937 qui
468 3872 765 3939 smrmutumpublicenc·
804 3875 854 3924 lius
876 3874 1014 3938 Rbodigin.
1037 3887 1095 3923 xrv.
1121 3877 1161 3922 lb.
1189 3870 1298 3920 ‘Umbo
1326 3886 1344 3921 a

231 3948 357 4013 ripiellaut⁸
806 3950 898 3999 Persio
909 3956 1019 3999 uocatur
1029 3956 1103 4012 toga,
1115 3946 1183 4013 qrtod
1201 3944 1237 3995 sit
1252 3946 1346 3997 umbo-

263 4028 304 4075 db.
321 4025 422 4075 denarii
445 4026 482 4077 sic
499 4026 641 4091 distributi,
667 4026 767 4079 fuerint
806 4026 845 4075 nis
856 4026 938 4075 instar
949 4030 1041 4077 contra
1052 4020 1264 4089 reprehensiones
1275 4034 1345 4087 pro-

232 4098 767 4165 uuusmiu10‚nongentaacadminuer-
805 4098 961 4167 ceptorum?

232 4182 390 4241 renatorum,
400 4181 538 4243 l,920,0u⁰.
548 4193 556 4241 ς
567 4187 595 4229 et
605 4180 696 4245 cuique
706 4196 766 4233 ere·
