2917 4734
218 287 307 356 1152
589 305 621 353 u.
644 303 978 356 connumeramur
1175 309 1222 377 [u
1233 311 1339 366 mm.

220 447 291 514 ium
318 447 491 534 publicum
518 455 732 536 erumperet:
755 445 989 516 metuebam!
1028 447 1106 516 Neo
1131 455 1210 516 ante
1233 454 1338 520 omia·

219 617 416 682 commertar,
433 614 572 684 tienebaut,
590 632 620 668 ae
631 617 657 667 ia
667 617 773 668 exitiosa
784 617 888 683 Reipab.
899 618 993 669 abet.-
1010 633 1053 668 aec
1066 617 1136 682 priua
1144 619 1252 669 metari
1265 620 1341 670 darie·

729 779 839 830 NOTAE

220 889 312 942 tuaait.
345 891 529 943 Freinshemius.
736 883 741 894 ’
799 891 901 956 nuptiae
912 893 991 943 etlam
1002 892 1029 941 in
1042 898 1177 956 porterum
1191 898 1337 943 atatnereu·

154 974 158 980 '
255 967 322 1023 Quia
340 970 365 1016 et
382 967 507 1031 mm]
535 966 760 1019 Nondum‘ceie·
799 973 849 1017 tur.
882 969 977 1033 Neque
989 974 1078 1017 tamen
1091 975 1210 1032 repertun
1218 975 1269 1030 eat,
1286 970 1338 1019 nial

221 1041 299 1094 braro
312 1042 429 1093 solennia
449 1045 599 1108 nuptiarum
617 1045 758 1108 audebant,
797 1057 864 1092 unua
886 1044 946 1093 talia
969 1043 1127 1093 matrimonii
1147 1045 1262 1107 cupitor,
1285 1048 1338 1098 dee.

220 1118 292 1168 nullo
301 1119 439 1183 exemplo!
461 1121 530 1172 Quin
539 1127 568 1171 et
579 1122 643 1171 talea
651 1122 758 1186 nuptiae
799 1133 876 1184 quem
887 1120 1006 1184 plerique
1018 1117 1171 1184 Agrippiana
1189 1121 1276 1184 gratia
1290 1121 1338 1171 lan·

221 1194 391 1258 celebrando,
398 1198 551 1249 metuebant
562 1197 690 1249 incentum
700 1215 759 1264 per·
800 1198 902 1260 pulsum
913 1195 1050 1246 ferebant!

220 1278 335 1334 petrure.
369 1272 409 1323 Ac
421 1275 441 1322 ai
455 1275 508 1324 tole
519 1273 644 1338 &gitium
661 1291 758 1340 opem·
831 1279 843 1306 ·
858 1275 898 1323 Ne
910 1274 935 1323 ia
955 1275 1042 1322 malm
1057 1273 1176 1338 publicu
1193 1275 1338 1338 cuperet]

219 1353 296 1412 rem,
306 1349 331 1398 id
341 1351 418 1410 eat‚ai
427 1358 626 1414 perpetraretur
634 1353 758 1416 iacentum,
798 1351 924 1414 vertunt,
935 1364 968 1399 ne
977 1350 1023 1400 Dii
1033 1350 1111 1400 talem
1124 1350 1251 1400 incertum
1260 1350 1337 1402 clade

220 1425 382 1492 metuebant,
401 1442 434 1478 ue
448 1428 500 1479 tale
516 1428 616 1478 iaciunt
629 1429 760 1493 principia
799 1426 914 1490 Reipnb.
941 1425 1114 1477 uindicarent.
1153 1429 1234 1477 Certe
1262 1433 1338 1492 puto,

218 1499 245 1550 iu
262 1503 358 1553 malum
383 1501 489 1569 aliquod
511 1503 645 1568 pubiicum
672 1519 758 1556 erum·
799 1516 885 1566 neque
904 1501 1060 1552 metuebant
1078 1503 1178 1552 ultonea
1196 1502 1274 1566 Deua,
1290 1515 1336 1552 ue·

224 1583 310 1642 peret.
799 1593 851 1644 qua
870 1579 1014 1643 perniciem
1026 1579 1138 1644 Reipub.
1157 1593 1218 1628 nam
1230 1585 1336 1644 pactum

253 1653 403 1702 Potuerunt
413 1653 493 1716 igitur
502 1661 629 1720 metuere,
639 1670 691 1706 non
704 1671 758 1707 ruo·
793 1655 849 1718 jam
866 1653 1050 1720 firmatumque
1061 1655 1254 1706 matrimonium
1265 1669 1337 1705 amo·

220 1727 255 1777 do
270 1727 335 1777 iram
355 1743 388 1778 aa
408 1728 567 1793 coelestibua,
585 1731 647 1795 quia
664 1744 758 1795 nempe
799 1729 1015 1792 roinceat03aed
1027 1733 1111 1795 palam
1123 1731 1257 1782 celebrare
1268 1732 1336 1782 talea

219 1803 280 1853 uliua
302 1803 366 1853 talia
393 1801 493 1868 flagitia
513 1819 612 1856 nummu
633 1807 758 1870 religione
797 1807 904 1870 nuptiae
915 1808 1029 1856 noudum
1046 1807 1188 1870 audebant,
1207 1807 1338 1858 timebant
1386 1803 1392 1814 '

219 1879 437 1944 procurabantur,
452 1881 533 1932 veluti
546 1882 667 1947 prodigia
685 1897 757 1933 mou·
798 1881 885 1944 pouua
905 1883 1029 1945 populum
1051 1881 1188 1943 vindicem,
1217 1887 1245 1932 et
1265 1881 1337 1934 iorte

220 1961 336 2021 atraque,
356 1956 403 2006 aed
419 1958 500 2008 etiem
511 1971 545 2008 ex
562 1958 706 2011 bominibna
725 1959 759 2008 ti-
798 1956 903 2020 nilitea,
919 1971 954 2007 ne
965 1958 1111 2023 principem
1129 1957 1265 2022 profanum
1276 1961 1338 2010 bor·

219 2046 292 2082 mere
308 2039 431 2096 poteraut
442 2035 538 2083 malum
551 2033 654 2100 aliquod
672 2033 757 2099 publi·
798 2039 896 2082 meent.

219 2121 288 2157 eum.
308 2107 400 2157 Habea
408 2108 491 2158 aimile
498 2108 592 2158 incesti
601 2109 760 2174 exemplum,
830 2108 926 2158 velue
938 2123 971 2158 eo
983 2108 1103 2172 exemplo
1121 2108 1249 2159 incenium
1264 2121 1338 2174 aper·

219 2191 249 2234 et
260 2183 351 2234 cimilia
363 2190 447 2235 meina
458 2185 485 2234 iu
497 2185 611 2237 Nerone.
798 2189 913 2249 ueretur,
921 2190 951 2234 et
961 2184 987 2233 iu
999 2185 1026 2234 id
1038 2187 1080 2234 vel
1090 2185 1118 2234 in
1128 2186 1202 2250 pejua
1217 2199 1337 2250 prorum·

250 2256 327 2309 Inira
337 2259 356 2309 l.
368 2263 461 2309 xum.
473 2261 481 2288 ‘
491 2260 585 2310 Tradit
596 2261 703 2312 Oluviue
715 2275 756 2312 ur·
798 2265 893 2326 peneut
911 2261 998 2320 civea3
1015 2261 1104 2326 aicque
1122 2262 1216 2325 apretia
1232 2261 1337 2326 legibue

218 2336 282 2386 dore
305 2334 450 2386 retinenda
471 2335 643 2400 Agrippinam
666 2344 758 2402 poten·
798 2337 983 2387 maiumalutn
1002 2337 1135 2400 publicum
1154 2337 1258 2387 abiret:
1274 2351 1335 2388 nam

219 2413 265 2463 tiae
283 2426 315 2462 eo
334 2425 414 2477 neque
431 2419 592 2476 provectam,
614 2418 645 2463 nt
668 2413 756 2464 medio
796 2412 861 2462 licet
875 2412 955 2462 nullae
966 2413 1037 2476 legen
1046 2419 1146 2462 aauctae
1166 2412 1194 2461 id
1215 2413 1338 2476 probibe-

218 2488 282 2552 dlei,
301 2501 360 2538 eum
370 2487 398 2536 id
417 2487 542 2551 temporie
561 2487 635 2538 Nero
654 2502 703 2553 per
717 2489 756 2538 ri·
796 2494 865 2551 rent,
885 2494 975 2538 tamen
996 2488 1155 2538 verecundia
1175 2494 1278 2540 naturae
1301 2504 1335 2540 ac

220 2579 283 2615 uuna
293 2572 322 2615 et
340 2564 432 2629 epulae
449 2564 631 2627 incalesceret,
648 2562 757 2616 offerret
797 2564 937 2628 tunninio,
954 2570 983 2613 et
993 2564 1195 2629 quiauunquanu
1205 2564 1258 2613 tale
1269 2565 1336 2630 quid

219 2655 248 2692 ae
260 2641 356 2704 amplus
374 2640 518 2689 temulento
535 2647 657 2702 comtum,
674 2645 703 2692 et
719 2641 757 2690 in·
796 2647 950 2704 uaurpatum
961 2639 1059 2704 iuerat,
1076 2639 1104 2689 id
1116 2645 1190 2689 certa
1204 2653 1253 2704 pro
1267 2654 1338 2690 aum·

219 2721 295 2768 eeato
305 2721 432 2780 paratam,
440 2719 492 2765 inc.
504 2717 685 2779 pervulgatum
697 2731 755 2768 eaae
796 2730 840 2765 nna
851 2717 909 2779 lege
920 2714 980 2768 ibit.

220 2791 348 2841 incentum
367 2789 494 2854 gloriante
510 2797 605 2852 matre,
624 2804 674 2840 nec
691 2790 756 2858 tole-
829 2791 885 2841 Aut
893 2791 964 2843 forta
983 2791 1120 2842 indefinite
1139 2790 1167 2839 ld
1187 2790 1336 2855 intelligen-

219 2873 321 2918 raturoa
332 2866 427 2917 militer
443 2862 545 2931 profani
564 2867 689 2932 principle
708 2869 755 2918 lur-
795 2863 868 2929 dnm,
888 2882 923 2917 ne
943 2868 1008 2934 quid
1027 2866 1124 2917 malurn
1144 2867 1173 2916 in
1200 2867 1334 2931 publicum

220 2943 340 3009 perium!
795 2945 909 2995 oriretur
919 2959 953 2996 ex
964 2946 1014 2996 buc
1025 2945 1134 3009 inceato,
1147 2945 1262 3009 ncipaoa
1271 2946 1333 2995 bor·

253 3019 367 3070 Similem
381 3019 494 3084 aliquam
506 3019 645 3083 pernlciem
657 3026 755 3072 metua-
794 3028 866 3072 reret
877 3025 998 3086 populna,
1013 3037 1047 3073 ua
1058 3023 1115 3088 quia
1126 3028 1212 3072 motua
1222 3021 1250 3072 in
1260 3022 1334 3086 ipeoa

219 3095 417 3148 bautclaudiua
428 3103 456 3145 et
466 3095 626 3160 Agrippina3
642 3103 670 3146 et
680 3102 755 3146 certe
794 3107 937 3162 propterea
950 3099 1070 3148 oriretur.

218 3175 302 3225 aiuon
321 3173 449 3223 iuviaaeet
469 3173 580 3237 ingratae
599 3172 754 3237 primoribua
827 3175 868 3224 Ne
886 3176 913 3224 ia
933 3176 1022 3224 andan
1045 3173 1166 3238 publicata
1186 3173 1333 3239 meret]

220 3249 385 3300 adulatorum
395 3251 436 3299 bm
448 3247 545 3314 nuptiae
557 3247 672 3313 iuuerunt,
679 3255 754 3300 certe
794 3250 906 3300 Brevior
920 3257 961 3300 eat
970 3250 1021 3300 boc
1039 3251 1097 3300 loco
1114 3249 1234 3311 Τισίεω,
1252 3263 1332 3313 quana

220 3327 327 3392 optimae
350 3335 379 3376 et
400 3327 511 3392 integrm
533 3327 604 3390 parti
622 3325 705 3389 plebia
725 3333 754 3377 et
795 3333 826 3376 nt
840 3340 912 3376 uena
929 3327 986 3390 eina
997 3325 1060 3375 aatia
1072 3325 1184 3389 praeciae
1193 3324 1254 3389 oapi
1271 3339 1333 3388 poa·

220 3417 368 3468 procerum,
395 3409 426 3454 ut
448 3409 522 3468 puto,
545 3419 597 3453 uon
616 3403 771 3462 admodum,
794 3402 839 3452 ait.

221 3475 363 3543 placuere;
379 3477 446 3528 adeo
468 3479 544 3541 pauci
564 3478 662 3542 reperti
685 3486 756 3542 aunt,
827 3477 907 3527 Forte
917 3475 1260 3527 metuebautDeoaultorea
1269 3474 1332 3525 talia

221 3552 266 3619 qui
278 3553 342 3603 talea
353 3554 460 3616 nuptiae
472 3553 664 3618 aemularentur,
673 3553 755 3604 etiam
795 3552 899 3615 inuenti,
916 3565 951 3602 ue
967 3553 1063 3602 malum
1081 3551 1141 3602 ideo
1158 3551 1333 3603 immitterent

220 3643 278 3680 aevo
290 3629 494 3693 corruptiaaimo.
795 3629 908 3693 Reipub.
921 3629 1002 3679 teliu
1019 3627 1332 3694 ipaoamatdoruluautea‚

254 3705 316 3756 Noa
334 3711 420 3755 antean
437 3705 599 3770 metuebant,
615 3712 647 3757 ut
663 3707 756 3758 uolunt
795 3706 865 3772 qnod
883 3706 953 3756 idern
965 3713 1023 3756 eat:
1039 3721 1099 3756 uana
1117 3707 1210 3756 aden
1225 3706 1334 3755 mmm

219 3783 388 3847 impietas,
399 3790 432 3830 ne
442 3782 485 3832 ulii
496 3780 566 3833 idem
575 3780 703 3847 flagitium
711 3798 755 3834 au·
794 3782 1140 3847 illilaabeutcaualiepabiieu
1172 3781 1332 3846 snpn'rae.

221 3861 325 3920 duent,
341 3858 419 3906 immo
431 3857 463 3907 ad
473 3857 513 3907 aui
524 3859 673 3922 exemplum
691 3859 755 3909 alioa
795 3859 915 3909 ‘ltanati
931 3860 1004 3926 eatia,
1022 3868 1053 3909 ut
1063 3866 1153 3909 reatra
1163 3857 1233 3916 bona
1249 3858 1330 3908 nala·

219 3935 347 3999 impulere
360 3933 445 3996 gratia
453 3941 483 3983 et
494 3934 661 3999 auctoritate,
671 3940 700 3984 et
710 3933 755 3984 de-
796 3949 847 4000 qne
857 3935 891 3986 ad
902 3936 1033 4002 Rempub.
1041 3933 1210 4000 pertineant?

221 4017 295 4061 erato
307 4011 333 4060 in
344 4011 371 4062 id
381 4009 463 4060 iacto.
826 4013 878 4061 Vel
887 4012 966 4062 etlanr
977 4011 1131 4062 metuebant
1147 4015 1266 4060 nuatum
1281 4021 1330 4072 po-

254 4085 346 4137 inira:
380 4087 538 4137 ‘decretum
563 4087 677 4150 puatnlut
703 4102 755 4152 quo
794 4087 938 4154 pulumqne
952 4089 1027 4138 Rom.
1045 4085 1272 4151 netaieannptiaa
1282 4098 1330 4134 ex·

216 4164 297 4227 iustu
308 4163 379 4214 luter
390 4169 496 4229 patruoa
506 4163 669 4230 fratrumque
689 4163 756 4216 filiun
795 4163 943 4230 horrerent,
952 4168 1157 4230 aperuere-tque
1168 4167 1289 4214 auctoraa
1299 4166 1330 4212 et
