2917 4734
212 300 298 370 1216
420 314 425 321 ·
558 316 591 367 c.
617 316 797 365 counuun
821 316 947 365 usum
1148 322 1312 386 [suem

209 467 281 525 tum
308 458 481 524 occidione
508 459 750 523 occubuissent.
807 458 994 524 Praefectus
1021 465 1142 541 tamen,
1169 468 1204 527 et
1231 469 1313 531 octo

210 560 433 637 Centuriones,
460 577 501 623 ac
525 558 770 641 promtissimus
790 560 929 642 quisque
947 561 1199 645 manipulariste
1219 566 1309 630 oeci·

209 664 304 729 dere:
336 680 399 726 uec
424 660 528 725 multo
551 665 629 742 post
654 660 851 742 pabulantes
872 664 1005 725 nostros
1026 662 1233 747 mimasque
1261 664 1307 729 ad

208 764 393 837 subsidium
407 761 547 827 turmus‘
560 760 746 843 profligant.

250 866 303 933 39.
339 864 425 929 Tum
453 860 606 925 Ostorius
633 860 783 926 cohortos
808 860 1000 944 expeditus·
1023 863 1204 946 opposuit:
1239 884 1304 934 uec

207 1050 291 1097 eust.
322 1042 456 1103 Profectus
464 1048 552 1104 tenere,
571 1048 597 1092 et
613 1048 664 1093 een
674 1044 830 1103 tenuisses,
847 1059 877 1093 ss
885 1043 1064 1093 senam
1072 1043 1168 1107 quiqu
1177 1044 1312 1109 ”ipsis-

207 1108 417 1187 nummsdaeret
432 1107 800 1183 dpasioposttetisuufssdnt
814 1108 1309 1175 pdbntqsesoususudpstsinsntss,

206 1178 230 1223 ‘³
239 1170 848 1301 moffluwefflffiix
859 1234 1031 1298 mum
1041 1234 1170 1299 sunum
1180 1236 1227 1285 nu
1235 1236 1310 1299 regu

667 1380 725 1401 un
728 1378 845 1401 ΟΝΙΜΟ

204 1478 445 1535 miisecustellist
459 1478 501 1527 val
512 1484 542 1529 nt
552 1478 660 1528 Mureto
670 1477 779 1539 placuit,
795 1476 823 1525 si
832 1477 880 1526 cito
889 1492 902 1527 e
911 1476 972 1526 uisis
984 1480 1009 1525 et
1025 1474 1137 1523 eudem
1171 1474 1254 1524 llaud
1269 1474 1309 1526 its

206 1544 271 1593 bene
282 1542 392 1605 Lipsius,
408 1543 434 1590 rn'
444 1543 500 1591 citis
510 1543 603 1591 saedis
612 1558 625 1591 s
635 1542 745 1591 erectus
762 1541 877 1590 Brotier.
909 1540 975 1590 Cod.
988 1540 1055 1589 Ftur.
1072 1538 1110 1589 Ae
1120 1537 1147 1587 si
1157 1538 1205 1587 etto
1212 1540 1308 1589 sessim

204 1612 229 1656 et
239 1606 351 1656 sodellis.
383 1606 459 1655 Unda
474 1605 580 1655 uidetur
597 1605 776 1655 scribendum:
793 1619 821 1653 sc
836 1605 864 1653 si
879 1604 927 1653 cito
943 1604 1037 1653 nsciis
1053 1604 1179 1651 smmis
1187 1620 1198 1662 ,·
1213 1609 1259 1652 aut
1274 1609 1308 1653 ut

202 1670 332 1733 jsmuidit
350 1668 468 1732 Lipsius=
485 1670 550 1718 ussi
569 1669 624 1717 citis
642 1668 881 1719 misnensem.
911 1668 1050 1731 Vulgatam
1061 1665 1228 1717 meteri-F.
1239 1666 1309 1717 Gro-

204 1734 302 1783 novius.
320 1732 435 1797 Ryclsiss.
467 1732 614 1783 Gronovius
625 1732 751 1789 omisite,·
767 1734 806 1782 sic
823 1732 950 1795 Ryckius,
962 1730 1106 1790 Brotierus,
1120 1736 1148 1779 et
1166 1729 1306 1781 numerum

203 1802 252 1846 -et
269 1798 426 1858 Gronovius,
445 1797 766 1861 Ryekimfflrotierumt
776 1796 907 1845 Homerus
924 1796 1072 1859 senipetam
1087 1792 1176 1843 maliet
1193 1793 1308 1856 Lipsius,

203 1861 366 1925 enmuipsir's:
381 1861 495 1911 Picheus
511 1860 720 1923 muniminis-⁵
738 1860 782 1909 Its
801 1860 959 1909 Puteolanus
978 1867 1007 1908 et
1025 1858 1162 1906 Ernestus.
1194 1855 1227 1905 In
1240 1858 1307 1908 bles.

204 1922 412 1976 FiunetGueif.
430 1924 567 1988 pmtustea
582 1925 701 1987 scriptis.
736 1924 788 1973 bis.
803 1922 870 1985 Reg.
889 1921 1012 1973 steditie
1038 1922 1152 1983 riuceps,
1166 1919 1306 1983 petulum

203 2002 246 2039 sss
262 1990 333 2051 ipson
367 1988 432 2038 bles.
452 1988 527 2039 llari.
546 1994 575 2036 et
589 1987 644 2039 Jes.
660 1987 981 2049 putuisstesssstrsss'psos.
1041 1986 1093 2034 ude
1111 1983 1306 2047 Aldusetsiii,

201 2052 339 2167 mm
353 2056 453 2115 murus,
477 2052 583 2115 φημι
601 2052 693 2101 ssissus.
711 2094 714 2099 Α
732 2050 878 2101 Gronovius
902 2059 931 2101 et
948 2049 1063 2114 Ryckius
1080 2046 1177 2097 babent
1193 2048 1304 2113 ipsasque

695 2225 807 2278 NGTAE

201 2340 233 2391 iis
245 2338 366 2405 proximis
375 2337 535 2402 advenirent,
544 2346 731 2404 moneremque
771 2354 805 2404 pe
828 2344 967 2405 promtum,
986 2344 1014 2390 et
1032 2354 1049 2390 a
1071 2338 1189 2405 proximo
1210 2352 1307 2391 uocau-

200 2423 312 2478 nostros,
319 2416 407 2481 sicque
419 2414 571 2465 subventum
583 2414 658 2467 foret.
769 2414 840 2463 dum.

232 2492 283 2541 Sed
298 2491 385 2554 potius
398 2491 486 2541 ericls
497 2498 526 2541 et
544 2492 656 2541 castellis
670 2506 729 2555 pro·
801 2496 813 2522 ⁰
831 2488 1004 2551 dissipatoris]
1019 2486 1073 2537 uui
1088 2487 1179 2552 legunt
1197 2503 1211 2537 e
1227 2489 1307 2539 seusi-

200 2568 302 2631 pinquis
323 2566 475 2615 subventum
498 2565 549 2615 fnit
569 2566 729 2628 cohortibus,
765 2566 844 2629 psiim
860 2565 925 2614 satis
941 2566 1127 2615 convenienter
1137 2565 1170 2615 ad
1181 2580 1306 2627 sensum3

199 2656 258 2693 cum
268 2641 337 2692 forte
346 2656 393 2706 per
403 2643 506 2691 nuutios
517 2644 658 2692 monuisset
667 2652 729 2693 ante
769 2646 797 2688 et
813 2638 880 2689 bene
894 2640 939 2688 aiii
956 2640 1096 2703 manipules.
1128 2641 1196 2690 Nem
1208 2641 1230 2689 si
1244 2642 1306 2690 Ces-

200 2716 352 2782 praat'ectus,
374 2730 425 2780 quo
442 2723 513 2766 statu
531 2732 573 2765 res
585 2725 680 2781 esseut,
700 2726 729 2767 et
768 2716 872 2764 teriones
893 2713 1026 2774 fortissimi
1046 2714 1142 2781 quique
1168 2716 1304 2779 occidunt,

199 2808 274 2859 quam
286 2792 382 2841 acriter
392 2792 503 2841 instaret
513 2791 604 2841 bostis.
768 2788 858 2852 quidni
868 2793 897 2838 et
909 2790 1041 2853 meipsius
1055 2790 1150 2855 quisque
1159 2790 1303 2856 promtissi-

230 2869 299 2922 Quis
316 2867 428 2919 noudum
444 2867 489 2917 ills
503 2868 609 2917 castella
619 2874 727 2933 structa,
767 2866 845 2914 mus?

198 2944 259 3010 quis
275 2942 388 2991 noudum
407 2940 470 2990 satis
485 2940 588 2991 firmata
606 2942 728 3005 proesidis
800 2941 852 2993 Ubi
864 2943 998 3005 Centurio,
1008 2942 1045 2994 ibi
1056 2948 1084 2993 et
1095 2943 1248 3007 manipulus.
1265 2942 1303 2995 Et

197 3017 317 3069 aduersus
328 3018 436 3079 bostem,
444 3030 528 3081 neque
538 3017 564 3065 iu
573 3023 631 3066 tuto
643 3020 726 3081 copiae
767 3030 799 3066 ea
817 3018 966 3081 pervicacia
976 3017 1029 3067 fuit
1045 3018 1241 3081 CenturIouum,
1256 3019 1302 3084 qui

196 3100 282 3154 crsut,
300 3090 360 3141 ideo
379 3090 532 3141 subventum
549 3091 587 3141 bis
606 3092 728 3157 smilite,
767 3090 836 3143 bello
847 3094 977 3155 acerrimi,
988 3094 1302 3159 ntoeeidereuturpotius

196 3172 241 3236 qui
260 3170 287 3219 iu
304 3167 417 3219 castellis
437 3168 560 3233 proximis
580 3168 726 3233 presidium
767 3173 848 3232 s'oepe,
858 3183 933 3233 quam
943 3170 1081 3220 stationem
1093 3170 1258 3219 desererent:
1272 3176 1303 3223 et

197 3244 333 3310 agitabst3
350 3250 377 3293 et
390 3242 428 3293 ita
438 3243 561 3307 disposita
578 3244 726 3293 escastcila
767 3243 913 3293 debuerunt
928 3246 1074 3296 necessario
1093 3246 1167 3309 sequi
1182 3246 1302 3309 manipu-

196 3329 281 3385 eraut,
297 3329 326 3372 ut
337 3320 387 3371 sibi
398 3320 509 3371 invicem
520 3320 657 3371 subvenire
668 3336 726 3385 pos·
765 3317 815 3379 ius,
834 3332 879 3367 seu
890 3319 1079 3382 msuipuisres;
1097 3320 1195 3384 alioqui
1210 3320 1301 3371 statius

194 3402 262 3445 saut.
766 3408 783 3441 e
793 3408 880 3457 pugna
892 3394 1008 3445 decimus
1019 3395 1128 3460 quisque
1146 3394 1211 3445 iusti
1223 3410 1300 3446 neca·

151 3467 156 3479 '
228 3470 358 3521 desinite
368 3470 438 3532 mois]
454 3470 523 3520 Puto
533 3471 586 3535 leg.
597 3465 732 3521 Aesicito’
765 3469 870 3531 bantur,
881 3470 903 3518 si
915 3470 996 3520 duces
1005 3471 1168 3521 desererent.
1189 3472 1300 3522 Utceu·

195 3546 278 3595 enisis
291 3546 434 3595 eteustelis's.
468 3548 723 3612 Nsmsicsupratb.
765 3546 841 3609 tuno,
855 3546 1184 3612 itefereetmauipulsris.

194 3620 325 3671 ‘Silurum
346 3635 417 3685 gens,
435 3635 486 3671 uou
505 3622 652 3684 atrocitate,
671 3636 723 3671 nou
795 3619 808 3654 ⁴
836 3622 947 3685 ΜΨ]
978 3624 1104 3688 Equitum
1125 3638 1229 3689 nempe,
1250 3624 1299 3689 qui

195 3696 333 3747 clementia
340 3697 498 3759 mutabatur,
508 3699 567 3761 quin
575 3696 671 3747 beilum
678 3712 722 3747 ex·
762 3698 909 3762 legionarii,
927 3699 971 3747 rei
989 3698 1082 3763 alares,
1100 3714 1146 3749 seu
1168 3698 1301 3750 auxiliarii

194 3778 308 3835 erceret,
316 3773 459 3836 castrisque
468 3772 596 3835 legionum
605 3786 723 3835 premeu·
763 3779 848 3823 arsut.

194 3846 314 3899 deforet.
335 3846 722 3911 ld'(uempeauxiiium)‘quo
795 3846 937 3897 ‘Csiortes
947 3849 1079 3914 expeditus]
1105 3845 1235 3911 iutelligit
1254 3862 1302 3899 co·

193 3924 319 3988 promtius
329 3922 439 3983 veniret,
451 3921 557 3972 Colonia
569 3922 723 3971 Camulodu·
763 3924 851 3973 buttes
867 3924 1039 3988 auxiliarium,
1058 3940 1117 3989 qnae
1132 3924 1204 3973 leves
1216 3931 1245 3974 et
1254 3939 1301 3975 ex·

190 4012 262 4060 uum,
282 3998 368 4047 raiids
382 4004 562 4048 veteranorum
574 4009 660 4058 mauu,
679 3996 724 4045 dt·
764 3998 879 4063 peditoe3
896 4001 959 4050 iicet
969 4002 1124 4066 quaudoque
1135 4009 1164 4051 et
1175 4004 1299 4055 cohortes

194 4074 297 4127 ducitur
308 4075 334 4123 in
351 4089 426 4137 agros
438 4073 566 4139 captivos,
581 4072 722 4124 subsidium
762 4076 839 4126 Rom.
851 4068 968 4141 quaedaui
976 4078 1088 4127 seorsim
1105 4077 1233 4141 uirginea
1243 4092 1299 4128 ure-

194 4147 318 4201 sdtarsus
338 4149 475 4214 rebelles3'
491 4149 633 4202 subsidium
653 4162 724 4201 uem·
762 4160 860 4204 rereut.
886 4152 1298 4221 boemundumcutoppeuun·
