2917 4734
595 280 631 335 9·
653 278 990 335 consentiuntur
1187 290 1235 361 [Α.
1245 283 1354 347 Νι

742 503 854 555 NOTAE

248 630 371 685 monitu
382 632 409 685 id
426 638 501 698 patet
513 631 582 699 spad
598 634 778 685 Plutarchum.
848 634 893 685 ato
907 632 1021 687 'lutus
1037 631 1107 699 epod
1123 632 1190 685 Tae.
1210 634 1227 685 l.
1245 648 1285 687 rr.
1305 634 1350 695 41.

247 712 316 763 Nam
338 710 484 760 dimicaturi
505 712 569 763 dats
589 712 632 763 die
654 710 777 761 adversus
817 710 917 761 ‘Simul
934 712 959 761 iu
975 710 1156 773 ferocissimus,
1167 712 1210 776 qui
1221 719 1284 763 ante
1295 714 1350 763 ral-

247 784 483 845 Marium‚fueruut
494 786 569 849 primi
577 787 678 835 ordines
689 786 776 835 robus·
816 784 879 846 lum,
896 790 945 835 dcc.
961 787 1148 851 persultabant,
1164 786 1246 835 mittit
1262 786 1350 837 delec-

246 864 340 914 tiorum
351 862 469 923 militum,
488 862 595 925 implexi
610 858 720 911 invicem
732 876 775 911 ea·
816 868 857 912 tos
868 863 1078 926 sagittariorum?

245 938 324 1000 tenir,
340 952 372 985 ue
392 938 500 1000 primam
518 938 601 988 aciens
619 936 698 987 iscile
718 952 776 1000 per·
847 938 891 987 Slc
906 940 984 987 etiam
1000 940 1067 989 btv.
1079 936 1151 989 Hist.
1168 938 1279 988 ‘civilis
1295 952 1349 989 nse·

246 1020 379 1077 rumperet
395 1013 486 1073 boetis,
501 1018 530 1063 et
544 1018 575 1063 ut
588 1013 670 1063 tutius
681 1013 725 1063 alli
737 1013 775 1062 di·
814 1010 885 1061 dirim
895 1026 989 1077 agmen
1000 1028 1059 1061 cum
1078 1013 1171 1063 robore
1190 1015 1349 1065 Batavorum

245 1087 382 1150 micarent,
390 1088 438 1137 boc
447 1089 519 1137 velut
536 1087 645 1137 umbone
653 1101 699 1137 seu
709 1088 775 1137 rullo
813 1086 943 1150 obtinens,
952 1094 1088 1153 utramque
1098 1090 1182 1139 libeni
1193 1090 1348 1153 riparumque

246 1164 368 1227 protecti.
814 1164 988 1214 truculentior
999 1165 1055 1213 risu
1066 1164 1147 1226 foret,
1158 1166 1348 1216 Gemnoruas

279 1240 315 1291 Et
335 1244 411 1290 erant
431 1238 500 1290 torte
521 1238 638 1305 quaedam
658 1240 776 1289 nationes
815 1240 927 1289 catervis
936 1239 1059 1303 complet,
1068 1240 1212 1289 assultante
1222 1254 1348 1303 peresur-

245 1314 444 1377 Gauranum,
455 1330 512 1380 que
524 1316 557 1365 sd
574 1316 599 1363 id
611 1330 701 1364 muuur
713 1316 777 1365 belli
815 1328 862 1377 pos
873 1314 979 1378 equite,’
997 1316 1046 1365 dre.
1079 1314 1106 1362 st
1123 1328 1176 1362 non
1192 1314 1275 1364 liabeo
1290 1315 1349 1379 lpse

245 1391 378 1455 precipue
395 1390 536 1455 deputate,
557 1391 625 1440 uude
641 1390 723 1454 gloria
738 1392 777 1440 iu-
817 1389 908 1437 eadena
920 1388 1008 1449 rerba,
1027 1396 1099 1438 certe
1119 1388 1202 1439 habeo
1213 1402 1302 1441 rerum
1318 1397 1350 1442 et

242 1478 317 1527 gens.
817 1465 956 1527 genuinum
966 1478 1068 1515 sensum
1077 1463 1171 1515 inciti.

276 1540 385 1590 'i'acltnr
397 1539 443 1591 lib.
455 1538 489 1589 de
501 1554 564 1589 mor.
577 1540 665 1589 Germ.
677 1544 719 1589 sl.
731 1540 777 1590 ubi
849 1540 885 1588 Et
896 1540 929 1588 de
938 1540 1001 1603 ipsis
1010 1540 1142 1589 Britannis
1149 1540 1247 1590 Tauin
1255 1540 1349 1606 Agrle.

245 1614 278 1665 de
290 1616 390 1668 Cattir:
406 1615 534 1680 ‘Jamque
545 1622 641 1665 canent
652 1616 775 1679 insignes,
816 1618 857 1663 85.
878 1611 1080 1664 ‘Britannorriru
1098 1616 1168 1663 scies
1185 1616 1212 1664 in
1231 1616 1348 1679 speciem

245 1697 274 1739 et
290 1691 406 1741 hostibus
422 1692 496 1740 simul
513 1690 614 1756 aoiaque
625 1692 775 1741 monstrati:
814 1689 889 1738 simul
913 1704 944 1739 ao
965 1697 1090 1739 terrorem
1111 1688 1261 1741 editioribus
1281 1691 1349 1741 locis

245 1766 357 1817 omnium
376 1781 454 1829 penes
465 1766 512 1815 hoa
523 1766 597 1815 initia
616 1780 774 1829 pugnarum:
815 1767 1001 1817 constiterant:
1026 1767 1066 1816 lta
1080 1770 1111 1815 ut
1127 1766 1237 1829 primurn
1252 1781 1347 1832 agmen

244 1842 301 1894 bec
313 1842 396 1906 prinas
408 1856 511 1905 semper
529 1842 605 1903 scier,
617 1842 671 1891 viru
691 1842 775 1892 nors!
814 1856 898 1907 equo,
913 1844 995 1895 ceteri
1010 1858 1056 1905 per
1067 1843 1168 1892 aeolice
1179 1844 1273 1905 jugum
1283 1856 1347 1893 cou-

246 1918 376 1985 'salesque
388 1918 530 1968 bellatores
540 1924 615 1967 erant
626 1918 705 1967 etiam
717 1920 776 1975 'cub
814 1919 884 1980 nexi,
890 1919 962 1969 velut
969 1916 1156 1981 insurgereturi
1167 1924 1198 1965 ut
1206 1918 1347 1981 sienenpe

243 1994 310 2045 libet
320 1994 419 2043 nationi
430 1993 605 2055 Germanicae,
613 1994 657 2041 sed
670 1996 775 2056 paucio-
813 1994 920 2057 audura,
936 2000 964 2043 et
975 1992 1174 2044 truculentiores
1185 1992 1349 2059 riderentur,

245 2082 286 2119 ree
298 2082 374 2133 quum
386 2069 455 2131 apud
468 2068 567 2117 Cattos.
813 2070 851 2119 ita
861 2073 930 2121 acies
941 2072 1066 2135 dispositu
1076 2069 1134 2121 t‘nil.

276 2142 342 2197 Tac.
353 2150 414 2193 ante
423 2142 486 2193 ibid.
503 2144 556 2193 ‘Et
566 2142 623 2192 aliis
633 2142 775 2193 Germano-
845 2146 976 2211 Mriorum]
1003 2146 1064 2199 Huc
1085 2144 1151 2196 facit
1171 2143 1241 2210 qnod
1263 2142 1348 2197 babet

244 2234 301 2269 turn
313 2219 415 2283 populis
425 2224 575 2281 usurpatum
586 2232 644 2269 rara
652 2224 681 2269 et
692 2220 775 2283 priva·
812 2222 918 2272 Taeitus
926 2222 945 2269 l.
954 2236 993 2272 ιν.
1004 2221 1195 2283 destructum,
1203 2220 1248 2285 qui
1259 2220 1347 2284 quaed

243 2302 271 2345 tu
282 2295 407 2358 cujusque
419 2294 550 2353 audentia,
566 2293 634 2355 apud
646 2294 737 2343 Cattos
746 2294 773 2343 in
812 2298 931 2347 militiam
944 2296 1002 2346 sere
1013 2297 1108 2345 similes
1119 2295 1269 2343 Germania
1285 2295 1347 2345 ‘Si

244 2382 395 2419 eonsensum
405 2367 493 2430 vertit,
505 2367 602 2417 crinem
614 2366 773 2432 barbamque
812 2371 903 2420 mulin
918 2369 1100 2429 ferocissimos,
1116 2368 1159 2433 qul
1177 2368 1346 2419 antevelluru

242 2442 405 2506 submittere,
425 2456 473 2492 nec
484 2442 533 2492 ulai
549 2442 623 2492 beate
634 2452 772 2492 caeroexu-
812 2458 884 2494 more
896 2446 991 2509 gentis,
1007 2458 1066 2494 enm
1082 2443 1241 2493 carminibus
1258 2450 1287 2493 et
1298 2444 1347 2494 tri·

244 2534 287 2571 era
297 2520 410 2571 votivum
420 2520 612 2585 obligatumque
620 2520 709 2569 virtuti
721 2520 773 2569 erla
812 2520 898 2583 podiis
919 2516 1108 2582 persultabant,
1124 2518 1207 2568 mittit
1224 2518 1346 2571 deleetss

241 2595 378 2647 babitumt'
808 2593 1019 2657 annumeratur
1029 2594 1140 2644 nautum
1145 2606 1248 2657 nempe.
1265 2594 1345 2645 More

276 2670 338 2721 Huc
360 2671 439 2722 etiam
461 2672 576 2735 pertinet
599 2672 667 2734 quod
691 2672 772 2722 babet
810 2669 1343 2733 Germanicotarseeaegtasepstettntua

242 2740 308 2795 Tac.
326 2744 360 2795 de
380 2743 470 2795 Sberie
490 2746 554 2794 ibid.
573 2750 613 2795 88.
646 2744 771 2809 ‘insigne
810 2746 984 2811 ‘receptique
994 2745 1146 2813 (sagittarii)
1162 2745 1280 2795 subsidio
1295 2746 1346 2796 fln-

242 2820 335 2884 gentis,
344 2822 577 2886 obliquerccriuem
585 2821 704 2889 nodoque
712 2824 771 2873 rub-
809 2822 925 2885 gambre
954 2823 1076 2886 cobortia,
1106 2837 1182 2887 quam
1210 2824 1344 2872 Romanus

241 2896 379 2958 stringere,
398 2900 446 2945 &o
479 2898 566 2959 Usque
587 2896 619 2945 ad
639 2892 770 2961 canitiem,
810 2905 938 2961 promtam
950 2897 1345 2963 adperieumnecminnseae·

239 2970 389 3019 horrentem
401 2970 521 3032 capillum
534 2976 603 3019 retro
620 2980 770 3037 sequuntur,
809 2978 930 3023 tuomet
950 2988 1077 3022 armorum
1098 2973 1210 3022 tumultu
1230 2978 1345 3036 nucem,

241 3058 275 3115 ac,
283 3058 354 3107 sarpa
365 3045 391 3093 iu
403 3046 459 3109 ipso
476 3046 530 3093 aulo
542 3046 639 3094 vertice
649 3048 769 3110 religant.
809 3046 877 3096 band
889 3050 978 3110 procul
993 3046 1172 3097 instruxerat’

237 3116 377 3182 Principes
396 3124 424 3169 et
439 3118 595 3168 ornatiorem
607 3120 714 3170 babent:
732 3133 769 3172 'es
843 3123 896 3172 Ubi
907 3130 997 3173 notare
1012 3123 1102 3184 debes,
1113 3121 1285 3183 farurim,
1301 3134 1344 3172 nu·

240 3192 412 3256 cerasorum,
421 3194 465 3244 aed
474 3194 587 3244 innoxia.
599 3196 691 3261 Neque
701 3196 769 3245 euim
809 3196 1029 3263 bualbdmoaqoe,
1038 3210 1083 3246 seu
1094 3199 1162 3246 lecta
1172 3196 1344 3246 robursfler·

238 3275 542 3331 tutamentamenturre3
568 3272 769 3322 multitudinem
808 3286 941 3322 manorum
961 3272 1041 3322 fuisce
1060 3272 1188 3336 disposita
1204 3271 1232 3319 ln
1249 3272 1343 3334 primis

240 3344 378 3408 quandem,
395 3352 420 3395 et
434 3354 568 3407 terrorem,
579 3346 673 3396 adituri
693 3346 771 3411 bellu,
808 3350 949 3413 ordinibus,
967 3356 998 3400 nt
1017 3364 1048 3398 aa
1066 3349 1154 3413 speeie
1175 3353 1344 3399 exterrerent

240 3419 328 3480 coorti,
349 3426 378 3468 ut
397 3421 506 3469 hortium
525 3422 614 3483 oculis,
625 3424 768 3473 ornantur.'
807 3425 907 3474 bostem
918 3440 970 3475 nou
981 3424 1126 3487 colum‚sed
1135 3424 1213 3473 etium
1224 3422 1345 3487 impelle-

240 3490 278 3543 itt
289 3495 396 3558 majores
408 3502 434 3545 et
445 3494 583 3547 ferociores
598 3499 666 3547 lraud
683 3498 769 3567 dubie,
808 3506 868 3549 rent
878 3502 964 3564 primi.

239 3582 254 3619 a
267 3568 358 3633 quibua
369 3570 511 3635 incipiebat
524 3586 618 3636 pugna.
840 3576 915 3625 Adeo
926 3582 957 3625 ut
972 3576 999 3624 in
1010 3574 1099 3639 prelio
1116 3572 1241 3621 adsersus
1257 3569 1343 3621 nart-

274 3648 419 3709 catervaque
427 3647 552 3710 murionum]
568 3648 637 3697 Puto
644 3648 707 3696 nttut
715 3662 768 3697 mu
807 3664 862 3712 uua,
880 3650 982 3699 cimbri
997 3657 1027 3699 et
1035 3650 1168 3697 Teutones
1185 3644 1343 3695 fortissimos

237 3721 355 3784 laudum,
373 3724 420 3771 nisi
437 3722 505 3773 iorte
524 3724 597 3785 legas
615 3723 768 3781 Μονάς
806 3724 928 3787 inprime
944 3726 1000 3774 acie
1016 3723 1117 3774 catenis
1133 3722 1341 3771 invice-sexes

239 3799 353 3865 qrtamvia
362 3798 426 3848 ferri
437 3800 514 3849 etium
525 3798 606 3862 possit
618 3798 647 3846 rb
657 3800 766 3848 amatur·
805 3800 990 3865 diapoauerint,
1005 3806 1036 3850 ut
1051 3800 1088 3848 ale
1112 3798 1245 3862 perrumpl
1266 3798 1340 3846 ercli·

237 3880 302 3923 rortt.
333 3876 377 3925 stc
395 3876 500 3925 enimin
518 3872 766 3923 nominibuacollec·
804 3889 852 3926 nes
876 3882 906 3927 et
920 3878 1033 3927 clroatra
1050 3875 1098 3924 ille
1114 3873 1213 3923 sernia
1229 3872 1342 3923 unitari

238 3951 298 4000 tivia
318 3960 471 4015 usurpatur:
499 3951 535 3999 eie
552 3950 670 4015 majores,
689 3949 767 3998 auda·
806 3958 922 4016 poraent.

238 4026 329 4089 riores,
340 4024 531 4091 ferocioreaque
539 4040 586 4091 pro
593 4024 767 4093 munimentis,
839 4026 969 4089 Μῄονα]
993 4026 1089 4091 Polyb.
1105 4027 1124 4077 l.
1140 4038 1172 4076 ιι.
1188 4023 1259 4074 ntur.
1276 4024 1340 4074 ‘Ae

238 4101 281 4150 rel
293 4102 318 4150 lu
330 4102 411 4166 primu
422 4102 479 4153 arie
489 4101 658 4153 instruebant.
803 4100 873 4152 bane
882 4114 996 4166 pugnam
1006 4099 1132 4152 Insubres
1141 4106 1172 4151 et
1187 4098 1246 4151 uoti
1262 4099 1340 4150 breo-
